category,extra_name,main_name,price,subcategory,unit_price
Frukt og grønt,"i Pose, Etiopia/ Kenya, 20 g",Fersk Basilikum,"kr 23,80",Urter og spirer,"kr 1190,00 per kg"
Frukt og grønt,"i Beger, Etiopia/ Spania, 20 g",Fersk Koriander,"kr 26,80",Urter og spirer,"kr 1340,00 per kg"
Frukt og grønt,"i Beger, Etiopia/ Norsk, 20 g",Fersk Kruspersille,"kr 26,80",Urter og spirer,"kr 1340,00 per kg"
Frukt og grønt,"i Beger, Etiopia, 20 g",Fersk Gressløk,"kr 18,60",Urter og spirer,"kr 930,00 per kg"
Frukt og grønt,"i Beger, Etiopia, 20 g",Fersk Bladpersille,"kr 29,80",Urter og spirer,"kr 1490,00 per kg"
Frukt og grønt,"i Beger, Etiopia, 20 g",Fersk Kjørvel,"kr 26,80",Urter og spirer,"kr 1340,00 per kg"
Frukt og grønt,"i Beger, Etiopia, 20 g",Fersk Dill,"kr 26,80",Urter og spirer,"kr 1340,00 per kg"
Frukt og grønt,"i Beger, Etiopia, 20 g",Fersk Mynte,"kr 26,80",Urter og spirer,"kr 1340,00 per kg"
Frukt og grønt,"i Beger, Etiopia, 20 g",Fersk Oregano,"kr 26,80",Urter og spirer,"kr 1340,00 per kg"
Frukt og grønt,"i Beger, Etiopia, 20 g",Fersk Rosmarin,"kr 26,80",Urter og spirer,"kr 1340,00 per kg"
Frukt og grønt,"i Beger, Etiopia, 20 g",Fersk Salvie,"kr 26,80",Urter og spirer,"kr 1340,00 per kg"
Frukt og grønt,"i Beger, Etiopia, 20 g",Fersk Sitronmelisse,"kr 26,80",Urter og spirer,"kr 1340,00 per kg"
Frukt og grønt,"i Beger, Etiopia, 20 g",Fersk Timian,"kr 26,80",Urter og spirer,"kr 1340,00 per kg"
Frukt og grønt,"Norge, 100 g",Alfalfaspirer,"kr 24,80",Urter og spirer,"kr 248,00 per kg"
Frukt og grønt,"Norge, 180 g",Bønnespirer,"kr 19,80",Urter og spirer,"kr 110,00 per kg"
Frukt og grønt,"Norge, 50 g",Sukkerertspirer,"kr 31,90",Urter og spirer,"kr 638,00 per kg"
Frukt og grønt,"i Beger, Etiopia, 20 g",Fersk Estragon,"kr 26,80",Urter og spirer,"kr 1340,00 per kg"
Frukt og grønt,"Frisk i Pose, Tyskland, 20 g",Thai Basilikum Gourmet,"kr 26,80",Urter og spirer,"kr 1340,00 per kg"
Frukt og grønt,"Norge, 50 g",Purreløkspirer,"kr 31,80",Urter og spirer,"kr 636,00 per kg"
Frukt og grønt,"Norge, 100 g","Spiresnacks, Mix av Bønner, Erter & Linser","kr 34,00",Urter og spirer,"kr 340,00 per kg"
Frukt og grønt,"Norge, 50 g","Taco spiremix -Brokolli, Kløver, Mungbønner","kr 28,50",Urter og spirer,"kr 570,00 per kg"
Frukt og grønt,"Norge, 50 g","Spiremix, Spicymix av Brocolli, Reddik, Kløver","kr 30,90",Urter og spirer,"kr 618,00 per kg"
Frukt og grønt,"Norge, 50 g",Kløverspirer beger,"kr 28,50",Urter og spirer,"kr 570,00 per kg"
Frukt og grønt,"Norge, 50 g",Brokkolispirer,"kr 31,80",Urter og spirer,"kr 636,00 per kg"
Frukt og grønt,"Norge, 50 g",Reddikspirer,"kr 24,80",Urter og spirer,"kr 496,00 per kg"
Blomster og planter,"35 cm, 12 stk",Roser Mix Kalde Farger,"kr 59,90",Roser,"kr 4,99 per stk"
Iceland,"4 stk, 204 g",Mars Iskrem,"kr 54,90","Kaker, dessert og iskrem","kr 269,12 per kg"
Magasiner og bøker,1 stk,Se og Hør,"kr 55,00",Magasiner,"kr 55,00 per stk"
Blomster og planter,"50 cm, 10 stk",Roser Hvit,"kr 109,00",Roser,"kr 10,90 per stk"
Blomster og planter,"50 cm, 10 stk",‘Nightingale’ Lilla,"kr 109,90",Roser,"kr 10,99 per stk"
Blomster og planter,"50 cm, 10 stk",Roser Belle Rose,"kr 109,00",Roser,"kr 10,90 per stk"
Blomster og planter,"50 cm, 10 stk",Roser Rød,"kr 109,90",Roser,"kr 10,99 per stk"
Iceland,"8 x 65ml, 520 ml",Saftis med Fruktsmak,"kr 79,90","Kaker, dessert og iskrem","kr 9,99 per stk"
Iceland,"4 x 100ml, 400 ml",Magnum Mint Iskrem,"kr 59,90","Kaker, dessert og iskrem","kr 14,98 per stk"
Iceland,"8 x 110ml, 880 ml",Magnum Classic Iskrem,"kr 119,00","Kaker, dessert og iskrem","kr 14,88 per stk"
Iceland,"8 x 110ml, 880 ml",Magnum White Chocolate Iskrem,"kr 119,00","Kaker, dessert og iskrem","kr 14,88 per stk"
Iceland,"0,9 l",Trippel Sjokolade Iskrem,"kr 64,90","Kaker, dessert og iskrem","kr 72,11 per l"
Iceland,"0,9 l",Vanilla Iskrem,"kr 64,90","Kaker, dessert og iskrem","kr 72,11 per l"
Iceland,455 g,Ostekake Toffee,"kr 49,90","Kaker, dessert og iskrem","kr 109,67 per kg"
Iceland,574 g,Bringebær og Pistasj Pavlova,"kr 149,00","Kaker, dessert og iskrem","kr 259,58 per kg"
Magasiner og bøker,1 stk,Se og Hør Extra,"kr 55,00",Magasiner,"kr 55,00 per stk"
Magasiner og bøker,1 stk,Hjemmet,"kr 54,00",Magasiner,"kr 54,00 per stk"
Magasiner og bøker,1 stk,Donald Duck & Co,"kr 54,90",Magasiner,"kr 54,90 per stk"
Magasiner og bøker,1 stk,Her og Nå,"kr 46,00",Magasiner,"kr 46,00 per stk"
Magasiner og bøker,1 stk,Kamille,"kr 89,00",Magasiner,"kr 89,00 per stk"
Magasiner og bøker,1 stk,Norsk Ukeblad,"kr 59,00",Magasiner,"kr 59,00 per stk"
Magasiner og bøker,1 stk,Allers,"kr 55,00",Magasiner,"kr 55,00 per stk"
Magasiner og bøker,1 stk,Elle,"kr 89,00",Magasiner,"kr 89,00 per stk"
Magasiner og bøker,1 stk,Costume,"kr 99,95",Magasiner,"kr 99,95 per stk"
Magasiner og bøker,1 stk,Vi Menn,"kr 79,90",Magasiner,"kr 79,90 per stk"
Frukt og grønt,600 g,Pommes Strips,"kr 21,30",Frossen frukt og grønt,"kr 35,50 per kg"
Serveringsklare retter,1 stk,Nysmurt Ciabatta Med Ost & Skinke,"kr 59,90",Ferdig påsmurt,"kr 59,90 per stk"
Pizza og taco,225 g,Hvitløk & Ost Pizzabrød,"kr 34,90",Snacking,"kr 155,11 per kg"
Iceland,500 g,Eple Crumble,"kr 49,90","Kaker, dessert og iskrem","kr 99,80 per kg"
Frukt og grønt,"0,45 kg",Opphøgde Poteter med Grillkrydder,"kr 34,40",Frossen frukt og grønt,"kr 76,44 per kg"
Frukt og grønt,600 g,Potetbåter Express,"kr 30,50",Frossen frukt og grønt,"kr 50,83 per kg"
Frukt og grønt,"1,2 kg",Pommesfrites,"kr 31,80",Frossen frukt og grønt,"kr 26,50 per kg"
Frukt og grønt,"Økologisk, 250 g",Jordbær,"kr 28,20",Frossen frukt og grønt,"kr 112,80 per kg"
Frukt og grønt,"Økologisk, 250 g",Blåbær Frosne,"kr 28,00",Frossen frukt og grønt,"kr 112,00 per kg"
Frukt og grønt,300 g,Mangoterninger Fryst,"kr 29,60",Frossen frukt og grønt,"kr 98,67 per kg"
Frukt og grønt,300 g,Avokadoterninger Fryst,"kr 59,90",Frossen frukt og grønt,"kr 199,67 per kg"
Frukt og grønt,75 g,Oppkuttet Chilli,"kr 29,90",Frossen frukt og grønt,"kr 398,67 per kg"
Serveringsklare retter,1 stk,Nysmurt Ciabatta Med Kylling,"kr 59,90",Ferdig påsmurt,"kr 59,90 per stk"
Serveringsklare retter,1 stk,Nysmurt Ciabatta Med Røkt Laks og Eggerøre,"kr 59,90",Ferdig påsmurt,"kr 59,90 per stk"
Serveringsklare retter,220 g,Nysmurt Ciabatta Med Roastbeef,"kr 59,90",Ferdig påsmurt,"kr 272,27 per kg"
Serveringsklare retter,1 stk,Nysmurt Vegetar Wraps,"kr 49,90",Ferdig påsmurt,"kr 49,90 per stk"
Serveringsklare retter,1 stk,Nysmurt Wrap Med Ost og Skinke,"kr 49,90",Ferdig påsmurt,"kr 49,90 per stk"
Serveringsklare retter,1 stk,Kyllingsalat,"kr 109,00",Ferdig påsmurt,"kr 109,00 per stk"
Serveringsklare retter,1 stk,Salat med Ost Og skinke,"kr 109,00",Ferdig påsmurt,"kr 109,00 per stk"
Iceland,225 g,Hvitløk & Ost Pizzabrød,"kr 34,90",Pizza,"kr 155,11 per kg"
Pizza og taco,"Ost & Skinke Flerpakk, 440 g",Hold-it,"kr 63,10",Snacking,"kr 143,41 per kg"
Pizza og taco,170 g,Billys Pan Pizza Original,"kr 20,80",Snacking,"kr 122,35 per kg"
Pizza og taco,120 g,Gorbys Pirog Original,"kr 17,40",Snacking,"kr 145,00 per kg"
Pizza og taco,"Ost & Skinke, 155 g",Grandiosa Pizzarull,"kr 22,80",Snacking,"kr 147,10 per kg"
Pizza og taco,305 g,Calzone Pepperoni & Pesto,"kr 38,20",Snacking,"kr 125,25 per kg"
Pizza og taco,305 g,Calzone Ost & Skinke,"kr 38,20",Snacking,"kr 125,25 per kg"
Fisk og sjømat,,Laksefilet med skinn,"kr 108,80",Fersk fisk,"kr 272,00 per kg"
Frukt og grønt,400 g,Grovhakkede Tomater,"kr 16,50",Hermetisert frukt og grønt,"kr 41,25 per kg"
Frukt og grønt,100 g,Oppkuttet Hvitløk,"kr 32,90",Frossen frukt og grønt,"kr 329,00 per kg"
Frukt og grønt,75 g,Oppkuttet Ingefær,"kr 29,90",Frossen frukt og grønt,"kr 398,67 per kg"
Frukt og grønt,75 g,Oppkuttet Koriander,"kr 29,90",Frossen frukt og grønt,"kr 398,67 per kg"
Frukt og grønt,400 g,Jordbær,"kr 22,30",Frossen frukt og grønt,"kr 55,75 per kg"
Frukt og grønt,400 g,Bringebær,"kr 25,40",Frossen frukt og grønt,"kr 63,50 per kg"
Frukt og grønt,300 g,Norske Jordbær,"kr 28,50",Frossen frukt og grønt,"kr 95,00 per kg"
Frukt og grønt,400 g,Skogsbærblanding,"kr 21,80",Frossen frukt og grønt,"kr 54,50 per kg"
Frukt og grønt,400 g,Blåbær,"kr 28,80",Frossen frukt og grønt,"kr 72,00 per kg"
Frukt og grønt,800 g,Smoothie Mix,"kr 50,80",Frossen frukt og grønt,"kr 63,50 per kg"
Frukt og grønt,800 g,"Smoothiemix Mango, Ananas & Banan","kr 46,80",Frossen frukt og grønt,"kr 58,50 per kg"
Serveringsklare retter,1 stk,Rekesalat,"kr 109,00",Ferdig påsmurt,"kr 109,00 per stk"
Serveringsklare retter,"Med Kylling & Ramsløk, 2 stk",Grov Toast,"kr 31,10",Ferdig påsmurt,"kr 163,68 per kg"
Serveringsklare retter,2 stk,Glutenfri Wienertoast,"kr 37,30",Ferdig påsmurt,"kr 207,22 per kg"
Iceland,"Thin & Crispy, 300 g",Fire Oster Pizza,"kr 32,90",Pizza,"kr 109,67 per kg"
Iceland,"Thin & Crispy, 327 g",Ost og Skinke Pizza,"kr 39,90",Pizza,"kr 122,02 per kg"
Iceland,"Thin & Crispy, 320 g",Dobbel Pepperoni Pizza,"kr 32,90",Pizza,"kr 102,81 per kg"
Iceland,"Ostefylt Skorpe, 453 g",Cheese Feast,"kr 64,90",Pizza,"kr 143,27 per kg"
Iceland,"Ostefylt Skorpe, 475 g",Pizza BBQ Meat Feast,"kr 64,90",Pizza,"kr 136,63 per kg"
Iceland,389 g,Salami & Sausage Pizza,"kr 54,90",Pizza,"kr 141,13 per kg"
Fisk og sjømat,,Laksefilet med Skinn,"kr 54,90",Fersk fisk,"kr 274,50 per kg"
Fisk og sjømat,,Ørretfilet med Skinn,"kr 119,80",Fersk fisk,"kr 299,50 per kg"
Fisk og sjømat,,Ørretfilet med Skinn,"kr 60,40",Fersk fisk,"kr 302,00 per kg"
Fisk og sjømat,,Torskefilet uten Skinn,"kr 48,40",Fersk fisk,"kr 242,00 per kg"
Fisk og sjømat,,Torskefilet Lettsaltet,"kr 74,00",Fersk fisk,"kr 185,00 per kg"
Fisk og sjømat,,Torskefilet Lettsaltet,"kr 45,40",Fersk fisk,"kr 227,00 per kg"
Fisk og sjømat,,Seifilet uten Skinn,"kr 52,80",Fersk fisk,"kr 132,00 per kg"
Fisk og sjømat,,Seifilet uten Skinn,"kr 27,50",Fersk fisk,"kr 137,50 per kg"
Fisk og sjømat,,Smørflyndrefilet,"kr 132,40",Fersk fisk,"kr 331,00 per kg"
Frukt og grønt,"3 x 400g, 1200 g",Finhakkede Tomater,"kr 42,60",Hermetisert frukt og grønt,"kr 35,50 per kg"
Frukt og grønt,400 g,Finhakkede Tomater,"kr 15,90",Hermetisert frukt og grønt,"kr 39,75 per kg"
Frukt og grønt,400 g,Hele Tomater,"kr 21,00",Hermetisert frukt og grønt,"kr 52,50 per kg"
Frukt og grønt,"Tube, 200 g",Tomatpure,"kr 24,60",Hermetisert frukt og grønt,"kr 123,00 per kg"
Frukt og grønt,390 g,Hakkede Tomater Med Basilikum,"kr 11,90",Hermetisert frukt og grønt,"kr 30,51 per kg"
Frukt og grønt,390 g,Hakkede Tomater Med Chilli,"kr 13,90",Hermetisert frukt og grønt,"kr 35,64 per kg"
Frukt og grønt,390 g,Hakkede Tomater Med Hvitløk,"kr 13,80",Hermetisert frukt og grønt,"kr 35,38 per kg"
Frukt og grønt,400 g,Polpa Tomater Knuste,"kr 16,40",Hermetisert frukt og grønt,"kr 41,00 per kg"
Frukt og grønt,"Grønnkål & Frukt, 400 g",Smoothie,"kr 26,10",Frossen frukt og grønt,"kr 65,25 per kg"
Frukt og grønt,"Sambazon, 400 g",Acai Puré Usøtet,"kr 62,00",Frossen frukt og grønt,"kr 155,00 per kg"
Frukt og grønt,850 g,Wok Classic Big Pack,"kr 65,50",Frossen frukt og grønt,"kr 77,06 per kg"
Frukt og grønt,500 g,Familiefavoritt Grovkuttet,"kr 26,70",Frossen frukt og grønt,"kr 53,40 per kg"
Frukt og grønt,500 g,Fullkornsris & Grønnsaker,"kr 29,30",Frossen frukt og grønt,"kr 58,60 per kg"
Frukt og grønt,350 g,Erter,"kr 12,30",Frossen frukt og grønt,"kr 35,14 per kg"
Frukt og grønt,450 g,Hakket Spinat,"kr 14,80",Frossen frukt og grønt,"kr 32,89 per kg"
Frukt og grønt,600 g,Rosenkål,"kr 14,70",Frossen frukt og grønt,"kr 24,50 per kg"
Legemidler og helsekost,"500mg, 20 stk",Paracet Tablett,"kr 35,40",Legemidler,"kr 1,77 per stk"
Frukt og grønt,"Økologisk, 300 g",Sesamfrø,"kr 30,80","Frø, nøtter og tørket frukt","kr 102,67 per kg"
Iceland,750 g,Kylling & Bacon Pasta,"kr 59,90",Ferdigretter,"kr 79,87 per kg"
Iceland,"10 stk, 180 g",Vårruller med And,"kr 29,90",Middag og tilbehør,"kr 166,11 per kg"
Mel og bakeingredienser,100 g,Kokesjokolade Selskap,"kr 27,80",Baketilbehør,"kr 278,00 per kg"
Iceland,"Deep Pan, 365 g",Fire Oster Pizza,"kr 39,90",Pizza,"kr 109,32 per kg"
Iceland,"Deep Pan, 358 g",Meat Feast Pizza,"kr 39,90",Pizza,"kr 111,45 per kg"
Iceland,"Deep Pan, 346 g",Dobbel Pepperoni Pizza,"kr 39,90",Pizza,"kr 115,32 per kg"
Iceland,645 g,Spicy Pepperoni Takeaway Pizza,"kr 97,90",Pizza,"kr 151,78 per kg"
Fisk og sjømat,,Smørflyndrefilet,"kr 68,70",Fersk fisk,"kr 343,50 per kg"
Fisk og sjømat,,Lettsaltet Torskefilet,"kr 67,20",Fersk fisk,"kr 168,00 per kg"
Fisk og sjømat,,Ørretfilet med Skinn,"kr 69,00",Fersk fisk,"kr 172,50 per kg"
Fisk og sjømat,,Laksefilet uten Skinn,"kr 66,70",Fersk fisk,"kr 266,80 per kg"
Fisk og sjømat,"Uten Skinn, 500 g",Laksefilet Naturell,"kr 97,10",Fersk fisk,"kr 194,20 per kg"
Fisk og sjømat,ca. 500 g,Laksefilet Naturell med Skinn,"kr 93,20",Fersk fisk,"kr 186,40 per kg"
Fisk og sjømat,,Fersk Torskefilet Uten Skinn,"kr 93,50",Fersk fisk,"kr 233,75 per kg"
Fisk og sjømat,,Røkt Torskefilet,"kr 95,30",Fersk fisk,"kr 238,25 per kg"
Fisk og sjømat,,Russisk Størkaviar,"kr 456,60",Fersk fisk,"kr 15220,00 per kg"
Pizza og taco,8 stk Medium ca 20 cm,Tortillas,"kr 20,80",Taco,"kr 63,80 per kg"
Fisk og sjømat,750 g,Fiskepinner,"kr 58,30",Frossen fisk og sjømat,"kr 77,73 per kg"
Tørkepapir og vaskemidler,12 stk,Toalettpapir Hvit Lambi,"kr 68,50",Toalettpapir og tørkerull,"kr 0,27 per m"
Varme drikker,450 g,Sjokoladedrikk Boks,"kr 68,80",Kakao og sjokoladepulver,"kr 152,89 per kg"
Mel og bakeingredienser,293 g,Muffins Triple Chocolate Chip,"kr 39,90",Ferdigmikser,"kr 136,18 per kg"
Tørkepapir og vaskemidler,48 stk,Universalserviett Rengjøring,"kr 28,50","Kluter, svamper og hansker","kr 0,59 per stk"
Frukt og grønt,400 g,Cherrytomater,"kr 23,80",Hermetisert frukt og grønt,"kr 59,50 per kg"
Frukt og grønt,400 g,Tomater Hele,"kr 25,80",Hermetisert frukt og grønt,"kr 64,50 per kg"
Frukt og grønt,400 g,Tomater Skinnfrie,"kr 12,80",Hermetisert frukt og grønt,"kr 32,00 per kg"
Frukt og grønt,400 g,Tomater Grovhakkede,"kr 6,80",Hermetisert frukt og grønt,"kr 17,00 per kg"
Frukt og grønt,"Økologisk, 400 g",Hakkede Tomater,"kr 20,70",Hermetisert frukt og grønt,"kr 51,75 per kg"
Frukt og grønt,390 g,Hakkede Tomater Naturell,"kr 18,60",Hermetisert frukt og grønt,"kr 47,69 per kg"
Frukt og grønt,700 g,Petti Passata Il Delicato,"kr 33,00",Hermetisert frukt og grønt,"kr 47,14 per kg"
Frukt og grønt,350 g,Petti Passata Il Delicato,"kr 19,70",Hermetisert frukt og grønt,"kr 56,29 per kg"
Frukt og grønt,140 g,Tomatpuré,"kr 8,30",Hermetisert frukt og grønt,"kr 59,29 per kg"
Varme drikker,"50 poser, 50 stk",Grønn Te Sitron,"kr 112,60",Grønn te,"kr 2,25 per stk"
Frukt og grønt,450 g,Brokkolitopper,"kr 16,30",Frossen frukt og grønt,"kr 36,22 per kg"
Frukt og grønt,"Fryst, 300 g",Aspargesbønner,"kr 19,80",Frossen frukt og grønt,"kr 66,00 per kg"
Frukt og grønt,400 g,Edamame,"kr 29,80",Frossen frukt og grønt,"kr 74,50 per kg"
Frukt og grønt,300 g,Minigulrot,"kr 15,00",Frossen frukt og grønt,"kr 50,00 per kg"
Frukt og grønt,500 g,Brokkoliblanding,"kr 20,60",Frossen frukt og grønt,"kr 41,20 per kg"
Frukt og grønt,500 g,Brokkoli & Blomkål Blanding,"kr 25,10",Frossen frukt og grønt,"kr 50,20 per kg"
Frukt og grønt,500 g,Selskapsblanding,"kr 25,80",Frossen frukt og grønt,"kr 51,60 per kg"
Frukt og grønt,800 g,Amerikansk Blanding,"kr 17,80",Frossen frukt og grønt,"kr 22,25 per kg"
Frukt og grønt,800 g,Lapskausblanding,"kr 20,60",Frossen frukt og grønt,"kr 25,75 per kg"
Legemidler og helsekost,"500mg, 20 stk",Paracet Brusetablett,"kr 54,40",Legemidler,"kr 2,72 per stk"
Legemidler og helsekost,"4-18 mnd, 125mg, 10 stk",Paracet Stikkpille,"kr 49,80",Legemidler,"kr 4,98 per stk"
Legemidler og helsekost,"1,5-9 år, 250mg, 10 stk",Paracet Stikkpille,"kr 49,20",Legemidler,"kr 4,92 per stk"
Legemidler og helsekost,"24mg, 60 ml",Paracet Mikstur,"kr 52,90",Legemidler,"kr 881,67 per l"
Legemidler og helsekost,"20stk, 500mg, 20 stk",Smertestillende Tabletter,"kr 30,30",Legemidler,"kr 1,52 per stk"
Legemidler og helsekost,"200mg, 20 stk",Ibux Ibuprofen tabletter,"kr 46,80",Legemidler,"kr 2,34 per stk"
Frukt og grønt,"Økologisk, 300 g",Gresskarkjerner,"kr 37,20","Frø, nøtter og tørket frukt","kr 37,20 per stk"
Frukt og grønt,"Økologisk, 350 g",Chiafrø,"kr 44,20","Frø, nøtter og tørket frukt","kr 126,29 per kg"
Frukt og grønt,"Økologisk, 350 g",Linfrø,"kr 21,90","Frø, nøtter og tørket frukt","kr 62,57 per kg"
Frukt og grønt,160 g,Brente Mandler,"kr 62,90","Frø, nøtter og tørket frukt","kr 393,13 per kg"
Frukt og grønt,"Økologisk, 150 g",Fiken,"kr 39,60","Frø, nøtter og tørket frukt","kr 264,00 per kg"
Frukt og grønt,"Økologisk, 150 g",Svisker,"kr 49,30","Frø, nøtter og tørket frukt","kr 328,67 per kg"
Frukt og grønt,"Israel/ Tyrkia, 200 g",Ferske dadler,"kr 37,80","Frø, nøtter og tørket frukt","kr 189,00 per kg"
Frukt og grønt,60 g,Nøtte- og Fruktmix,"kr 10,00","Frø, nøtter og tørket frukt","kr 166,67 per kg"
Iceland,750 g,Kylling Tikka Biryani,"kr 59,90",Ferdigretter,"kr 79,87 per kg"
Iceland,500 g,Vegetable Lasagne,"kr 35,90",Ferdigretter,"kr 71,80 per kg"
Iceland,500 g,Beef Lasagne,"kr 42,90",Ferdigretter,"kr 85,80 per kg"
Iceland,500 g,Kyllingcurry med Ris,"kr 39,90",Ferdigretter,"kr 79,80 per kg"
Iceland,500 g,Sweet & Sour Kylling med Ris,"kr 39,90",Ferdigretter,"kr 79,80 per kg"
Iceland,"16 stk, 320 g",Vårruller med Grønnsaker,"kr 27,90",Middag og tilbehør,"kr 87,19 per kg"
Iceland,"85 stk, 1,7 kg",Vårruller med Grønnsaker,"kr 149,00",Middag og tilbehør,"kr 87,65 per kg"
Iceland,"65 stk, 975 g",Mozzarella Sticks,"kr 169,90",Middag og tilbehør,"kr 174,26 per kg"
Iceland,75 g,Oppkuttet Koriander,"kr 29,90",Middag og tilbehør,"kr 398,67 per kg"
Iceland,75 g,Oppkuttet Ingefær,"kr 29,90",Middag og tilbehør,"kr 398,67 per kg"
Iceland,100 g,Oppkuttet Hvitløk,"kr 32,90",Middag og tilbehør,"kr 329,00 per kg"
Iceland,75 g,Oppkuttet Chilli,"kr 29,90",Middag og tilbehør,"kr 398,67 per kg"
Mel og bakeingredienser,125 g,Pynteglasur Hvit,"kr 33,40",Baketilbehør,"kr 267,20 per kg"
Mel og bakeingredienser,100 g,Kokesjokolade 70%,"kr 31,20",Baketilbehør,"kr 312,00 per kg"
Mel og bakeingredienser,100 g,Lys Kokesjokolade,"kr 25,20",Baketilbehør,"kr 252,00 per kg"
Mel og bakeingredienser,"Kokesjokolade, 100 g",Dronning Sjokolade,"kr 21,80",Baketilbehør,"kr 218,00 per kg"
Mel og bakeingredienser,200 g,Kokesjokolade Dronning,"kr 39,80",Baketilbehør,"kr 199,00 per kg"
Mel og bakeingredienser,100 g,Kokesjokolade Mørk,"kr 18,50",Baketilbehør,"kr 185,00 per kg"
Mel og bakeingredienser,100 g,Kokesjokolade Lys,"kr 15,70",Baketilbehør,"kr 157,00 per kg"
Mel og bakeingredienser,250 g,Regia Bakekakao,"kr 43,80",Baketilbehør,"kr 175,20 per kg"
Mel og bakeingredienser,500 g,Melis,"kr 14,50",Baketilbehør,"kr 29,00 per kg"
Fisk og sjømat,,Laks Midloin,"kr 93,50",Fersk fisk,"kr 311,67 per kg"
Fisk og sjømat,,Fiskegrateng,"kr 113,90",Fersk fisk,"kr 126,56 per kg"
Fisk og sjømat,,Fersk Brosmefilet,"kr 51,90",Fersk fisk,"kr 259,50 per kg"
Fisk og sjømat,,Fersk Brosmefilet,"kr 103,00",Fersk fisk,"kr 257,50 per kg"
Fisk og sjømat,,Laksebiff Uten Skinn,"kr 155,00",Fersk fisk,"kr 310,00 per kg"
Fisk og sjømat,,Salma Brg,"kr 76,80",Fersk fisk,"kr 295,38 per kg"
Fisk og sjømat,,Fersk Langefilet,"kr 100,80",Fersk fisk,"kr 252,00 per kg"
Pizza og taco,8 stk Large ca 23 cm,Tortillas,"kr 32,10",Taco,"kr 68,74 per kg"
Pizza og taco,6 stk Fullkorn ca 23 cm,Tortillas,"kr 27,60",Taco,"kr 78,86 per kg"
Pizza og taco,6 stk ca 17 cm,Tortilla Glutenfri,"kr 39,80",Taco,"kr 184,26 per kg"
Pizza og taco,10 stk ca 20 cm,Mini 100% Corn Tortilla,"kr 31,80",Taco,"kr 151,43 per kg"
Pizza og taco,ca 25 cm,Tortillas,"kr 15,90",Taco,"kr 42,74 per kg"
Pizza og taco,ca 25 cm,Fullkorntortillas,"kr 19,70",Taco,"kr 52,96 per kg"
Pizza og taco,"190g, 193 g",Soft Tortillas Stand'n Stuff,"kr 29,40",Taco,"kr 152,33 per kg"
Pizza og taco,"12pk, 156 g",Taco Shells,"kr 21,60",Taco,"kr 138,46 per kg"
Pizza og taco,120 g,Mini Taco Tubs,"kr 39,40",Taco,"kr 328,33 per kg"
Fisk og sjømat,480 g,Fish & Crisp Gourmet,"kr 65,80",Frossen fisk og sjømat,"kr 137,08 per kg"
Fisk og sjømat,510 g,Fiskegrateng god gammeldags,"kr 59,70",Frossen fisk og sjømat,"kr 117,06 per kg"
Fisk og sjømat,420 g,Torsk Gourmet,"kr 97,90",Frossen fisk og sjømat,"kr 233,10 per kg"
Fisk og sjømat,380 g,Ovnsbakt Fisk Italiensk,"kr 52,60",Frossen fisk og sjømat,"kr 138,42 per kg"
Fisk og sjømat,1 kg,Familiens Fiskegrateng,"kr 57,90",Frossen fisk og sjømat,"kr 57,90 per kg"
Fisk og sjømat,500 g,Sprøbakte Fiskefileter,"kr 62,80",Frossen fisk og sjømat,"kr 125,60 per kg"
Fisk og sjømat,"Med Reke- og Champignonsaus, 300 g",Kapteinens Fylte Rødspette,"kr 77,80",Frossen fisk og sjømat,"kr 259,33 per kg"
Fisk og sjømat,250 g,Crabsticks,"kr 11,80",Frossen fisk og sjømat,"kr 47,20 per kg"
Fisk og sjømat,300 g,Kapteinens Fylte Torsk med Bacon & Kremet Saus,"kr 54,80",Frossen fisk og sjømat,"kr 182,67 per kg"
Tørkepapir og vaskemidler,6 stk,Toalettpapir,"kr 37,00",Toalettpapir og tørkerull,"kr 0,29 per m"
Tørkepapir og vaskemidler,4 stk,Maximeter Toalettpapir,"kr 33,10",Toalettpapir og tørkerull,"kr 0,19 per m"
Tørkepapir og vaskemidler,18 stk,Soft Toalettpapir,"kr 79,90",Toalettpapir og tørkerull,"kr 0,19 per m"
Tørkepapir og vaskemidler,6 stk,Soft Toalettpapir 3 Lag,"kr 35,60",Toalettpapir og tørkerull,"kr 0,26 per m"
Tørkepapir og vaskemidler,"Premium, 4 stk",Toalettpapir 4-lags,"kr 31,10",Toalettpapir og tørkerull,"kr 0,40 per m"
Tørkepapir og vaskemidler,8 stk,Toalettpapir,"kr 11,90",Toalettpapir og tørkerull,"kr 0,07 per m"
Tørkepapir og vaskemidler,4 stk,Tørkerull Lambi,"kr 42,30",Toalettpapir og tørkerull,"kr 0,81 per m"
Tørkepapir og vaskemidler,3 stk,Miljøvalg Tørkerull,"kr 38,00",Toalettpapir og tørkerull,"kr 0,61 per m"
Varme drikker,"10 porsjonspakker, 320 g",Sjokoladedrikk,"kr 29,70",Kakao og sjokoladepulver,"kr 92,81 per kg"
Varme drikker,"Refill, 1,1 kg",O'boy Original,"kr 53,00",Kakao og sjokoladepulver,"kr 48,18 per kg"
Varme drikker,450 g,O'boy Original,"kr 25,40",Kakao og sjokoladepulver,"kr 56,44 per kg"
Varme drikker,500 g,O'boy Mindre Sukker,"kr 41,40",Kakao og sjokoladepulver,"kr 82,80 per kg"
Varme drikker,800 g,Nesquik Refill,"kr 49,80",Kakao og sjokoladepulver,"kr 62,25 per kg"
Varme drikker,2 kg,Regia Kakao 2 x 1kg,"kr 242,60",Kakao og sjokoladepulver,"kr 121,30 per kg"
Varme drikker,"Original, 260 g",Regia Kakao,"kr 31,20",Kakao og sjokoladepulver,"kr 120,00 per kg"
Varme drikker,10 stk,Regia Lett Kakao,"kr 48,50",Kakao og sjokoladepulver,"kr 4,85 per stk"
Varme drikker,"10 poser, 10 stk","Sjokoladedrikk, Rett i Koppen","kr 37,30",Kakao og sjokoladepulver,"kr 3,73 per stk"
Mel og bakeingredienser,"Langpanne, 854 g",Sjokoladekake,"kr 60,90",Ferdigmikser,"kr 71,31 per kg"
Mel og bakeingredienser,340 g,Kremet Sjokoladeglasur,"kr 39,80",Ferdigmikser,"kr 117,06 per kg"
Mel og bakeingredienser,278 g,Sjokoladeglasur Langpanne,"kr 34,80",Ferdigmikser,"kr 125,18 per kg"
Mel og bakeingredienser,"Lyse muffins, 331 g",Muffins Mix,"kr 39,40",Ferdigmikser,"kr 119,03 per kg"
Mel og bakeingredienser,224 g,Grove Vafler,"kr 25,00",Ferdigmikser,"kr 111,61 per kg"
Mel og bakeingredienser,246 g,Vafler,"kr 16,90",Ferdigmikser,"kr 68,70 per kg"
Mel og bakeingredienser,"Sjokolade, 335 g",Muffins Mix,"kr 38,80",Ferdigmikser,"kr 115,82 per kg"
Tørkepapir og vaskemidler,"Toalett og bad, 60 stk",Easy Wipe,"kr 47,40","Kluter, svamper og hansker","kr 0,79 per stk"
Tørkepapir og vaskemidler,"Kjøkken, 60 stk",Easy Wipe,"kr 46,10","Kluter, svamper og hansker","kr 0,77 per stk"
Tørkepapir og vaskemidler,"Krystal, 10 stk",Engangsvåtmopp,"kr 89,80","Kluter, svamper og hansker","kr 8,98 per stk"
Tørkepapir og vaskemidler,"Allrent, 10 stk",Engangsvåtmopp,"kr 94,90","Kluter, svamper og hansker","kr 9,49 per stk"
Tørkepapir og vaskemidler,"Baderom, 10 stk",Engangsvåtmopp,"kr 89,90","Kluter, svamper og hansker","kr 8,99 per stk"
Tørkepapir og vaskemidler,10 stk,Universalklut,"kr 17,80","Kluter, svamper og hansker","kr 1,78 per stk"
Tørkepapir og vaskemidler,10 stk,Multisvamper,"kr 14,50","Kluter, svamper og hansker","kr 1,45 per stk"
Tørkepapir og vaskemidler,2 stk,Svamper,"kr 25,10","Kluter, svamper og hansker","kr 12,55 per stk"
Frukt og grønt,"Økologisk, 200 g",Tomatpuré,"kr 23,50",Hermetisert frukt og grønt,"kr 117,50 per kg"
Frukt og grønt,180 g,Tomatpuré,"kr 8,40",Hermetisert frukt og grønt,"kr 46,67 per kg"
Frukt og grønt,"3x160g, 480 g",Mais,"kr 31,80",Hermetisert frukt og grønt,"kr 66,25 per kg"
Frukt og grønt,"2x160g, 320 g",Mais Økologisk,"kr 25,90",Hermetisert frukt og grønt,"kr 80,94 per kg"
Frukt og grønt,340 g,Mais Crispniblets,"kr 23,70",Hermetisert frukt og grønt,"kr 69,71 per kg"
Frukt og grønt,410 g,Minimais,"kr 20,80",Hermetisert frukt og grønt,"kr 50,73 per kg"
Frukt og grønt,340 g,Maiskorn,"kr 11,90",Hermetisert frukt og grønt,"kr 35,00 per kg"
Varme drikker,"20 poser, 20 stk",Green Tea Pyramide,"kr 31,80",Grønn te,"kr 1,59 per stk"
Varme drikker,25 stk,Grønn Te Ingefær,"kr 56,00",Grønn te,"kr 2,24 per stk"
Varme drikker,25 stk,Grønn Te Chai,"kr 67,40",Grønn te,"kr 2,70 per stk"
Varme drikker,"Økologisk, 20 stk",Te Lime & Ginger Green,"kr 44,60",Grønn te,"kr 2,23 per stk"
Varme drikker,25 stk,Grønn te Mint,"kr 67,00",Grønn te,"kr 2,68 per stk"
Varme drikker,25 stk,Grønn te Pasjonsfrukt & Jasmin,"kr 67,00",Grønn te,"kr 2,68 per stk"
Varme drikker,25 stk,Grønn te Sitron,"kr 67,00",Grønn te,"kr 2,68 per stk"
Frukt og grønt,500 g,Klassisk Wokblanding,"kr 25,30",Frossen frukt og grønt,"kr 50,60 per kg"
Frukt og grønt,750 g,Lapskausblanding Grov,"kr 25,10",Frossen frukt og grønt,"kr 33,47 per kg"
Frukt og grønt,300 g,Mykstekt Løk,"kr 34,60",Frossen frukt og grønt,"kr 115,33 per kg"
Frukt og grønt,250 g,Soppblanding,"kr 33,10",Frossen frukt og grønt,"kr 132,40 per kg"
Frukt og grønt,"Fra Polen, 2,5 kg","Bringebær, Fryst","kr 299,00",Frossen frukt og grønt,"kr 119,60 per kg"
Frukt og grønt,2 kg,Brokkoliblanding,"kr 72,40",Frossen frukt og grønt,"kr 36,20 per kg"
Frukt og grønt,500 g,Indisk-inspirert Wok,"kr 31,10",Frossen frukt og grønt,"kr 62,20 per kg"
Frukt og grønt,500 g,Krydret Bønneblanding,"kr 30,60",Frossen frukt og grønt,"kr 61,20 per kg"
Frukt og grønt,500 g,Thai-inspirert Wok,"kr 35,10",Frossen frukt og grønt,"kr 70,20 per kg"
Legemidler og helsekost,20 stk,Ibux Kapsler 200mg,"kr 78,00",Legemidler,"kr 3,90 per stk"
Legemidler og helsekost,"1mg, 10 ml",Otrivin Nesespray Voksen,"kr 65,80",Legemidler,"kr 6580,00 per l"
Legemidler og helsekost,"1mg, 10 ml",Otrivin Nesespray Menthol,"kr 68,80",Legemidler,"kr 6880,00 per l"
Legemidler og helsekost,"1mg, 10 ml",Otrivin Comp Nesespray,"kr 77,40",Legemidler,"kr 7740,00 per l"
Legemidler og helsekost,"0,5mg, 10 ml",Otrivin Nesespray,"kr 68,80",Legemidler,"kr 6880,00 per l"
Legemidler og helsekost,50 ml,Otricare Aloe Vera Saltvannsspray,"kr 78,30",Legemidler,"kr 1566,00 per l"
Legemidler og helsekost,"18 x 5 ml, 18 stk",Otribaby Saltvann,"kr 83,50",Legemidler,"kr 4,64 per stk"
Legemidler og helsekost,"10mg, 21 stk",Zyrtec Allergitabletter,"kr 185,90",Legemidler,"kr 8,85 per stk"
Mel og bakeingredienser,2 kg,Fibra Fullkornshvetemel,"kr 40,80",Mel og sukker,"kr 20,40 per kg"
Brød og frokostblandinger,1 stk,Nysmurt Ciabatta Med Kylling,"kr 59,90",Påsmurt,"kr 59,90 per stk"
Frukt og grønt,55 g,Cashewnøtter,"kr 12,70","Frø, nøtter og tørket frukt","kr 230,91 per kg"
Frukt og grønt,"Småsulten, 125 g",Polly Ovnsristede Mandler,"kr 42,70","Frø, nøtter og tørket frukt","kr 341,60 per kg"
Frukt og grønt,"Uten Salt, 350 g",Nøtti Frutti,"kr 53,40","Frø, nøtter og tørket frukt","kr 152,57 per kg"
Frukt og grønt,175 g,Gløggmix,"kr 39,90","Frø, nøtter og tørket frukt","kr 228,00 per kg"
Frukt og grønt,270 g,Spesial Med Havsalt,"kr 77,80","Frø, nøtter og tørket frukt","kr 288,15 per kg"
Frukt og grønt,330 g,Polly Peanøtter,"kr 31,90","Frø, nøtter og tørket frukt","kr 96,67 per kg"
Frukt og grønt,80 g,Yoghurtnøtter,"kr 42,40","Frø, nøtter og tørket frukt","kr 530,00 per kg"
Frukt og grønt,160 g,Cashew Mosambik,"kr 70,80","Frø, nøtter og tørket frukt","kr 442,50 per kg"
Frukt og grønt,190 g,Aprikos Tørket,"kr 69,40","Frø, nøtter og tørket frukt","kr 365,26 per kg"
Iceland,"16 stk, 192 g",No Bull Veganboller,"kr 69,90",Middag og tilbehør,"kr 364,06 per kg"
Iceland,"2 stk, 226 g",No Bull Burger,"kr 69,90",Middag og tilbehør,"kr 309,29 per kg"
Iceland,"2 stk, 270 g",Nacho Spicy Bønneburger,"kr 39,90",Middag og tilbehør,"kr 147,78 per kg"
Iceland,"4 stk, 320 g",Vegetarburgere,"kr 39,90",Middag og tilbehør,"kr 124,69 per kg"
Iceland,"Benfri, Uten skinn, 700 g",Fiskefilet,"kr 79,90",Middag og tilbehør,"kr 114,14 per kg"
Iceland,"4 stk, Benfri, 400 g",Makrellfilet,"kr 64,90",Middag og tilbehør,"kr 162,25 per kg"
Iceland,"4 stk, 440 g",Torskefilet,"kr 84,90",Middag og tilbehør,"kr 192,95 per kg"
Iceland,"4 stk, Benfri, 460 g",Lettrøkt Hysefilet,"kr 89,90",Middag og tilbehør,"kr 195,43 per kg"
Iceland,450 g,Sugo Alle Vongole,"kr 71,90",Middag og tilbehør,"kr 159,78 per kg"
Mel og bakeingredienser,100 g,Tørsleffs Ekte Vaniljesukker,"kr 34,40",Baketilbehør,"kr 344,00 per kg"
Mel og bakeingredienser,140 g,Vaniljesukker,"kr 29,00",Baketilbehør,"kr 207,14 per kg"
Mel og bakeingredienser,175 g,Vaniljesukker,"kr 21,80",Baketilbehør,"kr 124,57 per kg"
Mel og bakeingredienser,140 g,Bakepulver,"kr 20,70",Baketilbehør,"kr 147,86 per kg"
Mel og bakeingredienser,250 g,Bakepulver,"kr 19,00",Baketilbehør,"kr 76,00 per kg"
Mel og bakeingredienser,"Økologisk, 10 g",Bourbon Vaniljepulver,"kr 175,60",Baketilbehør,"kr 17560,00 per kg"
Fisk og sjømat,,SALMA Taco,"kr 79,80",Fersk fisk,"kr 199,50 per kg"
Fisk og sjømat,,Salma Backloin,"kr 78,90",Fersk fisk,"kr 415,26 per kg"
Fisk og sjømat,,Fersk Langefilet,"kr 51,90",Fersk fisk,"kr 259,50 per kg"
Fisk og sjømat,,Salma Bellyloin,"kr 127,00",Fersk fisk,"kr 352,78 per kg"
Fisk og sjømat,,Backloin 1/2,"kr 70,20",Fersk fisk,"kr 351,00 per kg"
Fisk og sjømat,,Bellyloin 1/2,"kr 135,10",Fersk fisk,"kr 337,75 per kg"
Pizza og taco,"12 stk, 135 g",Taco Shells,"kr 19,80",Taco,"kr 146,67 per kg"
Pizza og taco,320 g,Taco Dinner Kit,"kr 13,80",Taco,"kr 43,13 per kg"
Pizza og taco,"Taste Lab, 8 stk ca 15 cm",Tortillas Mini,"kr 13,20",Taco,"kr 55,00 per kg"
Pizza og taco,"Taste Lab, 8 stk ca 20 cm",Tortillas Mais,"kr 15,80",Taco,"kr 49,38 per kg"
Pizza og taco,312 g,Salsa Dip Medium,"kr 31,80",Taco,"kr 101,92 per kg"
Pizza og taco,"Mild, 230 g",Taco Sauce,"kr 18,80",Taco,"kr 81,74 per kg"
Pizza og taco,320 g,Old El Paso Cheese & Red Pepper Dip,"kr 39,90",Taco,"kr 124,69 per kg"
Sminke og skjønnhet,1 stk,Lash Sensational - Black,"kr 144,60",Mascara,"kr 144,60 per stk"
Tørkepapir og vaskemidler,500 ml,Klorin Rengjøringsspray,"kr 51,80",Vaskemidler,"kr 103,60 per l"
Varme drikker,"20 poser, 20 stk",Forest Fruit Tea Pyramide,"kr 27,80",Urte-te og frukt-te,"kr 1,39 per stk"
Fisk og sjømat,"30 stk, 900 g",Fiskepinner,"kr 33,80",Frossen fisk og sjømat,"kr 37,56 per kg"
Fisk og sjømat,2 kg,Torskefilet Sjøfrosset,"kr 269,00",Frossen fisk og sjømat,"kr 134,50 per kg"
Fisk og sjømat,"Økologisk, 500 g",Laksefilet Skinn- & Benfri,"kr 142,20",Frossen fisk og sjømat,"kr 284,40 per kg"
Fisk og sjømat,250 g,Spekesild,"kr 27,00",Frossen fisk og sjømat,"kr 108,00 per kg"
Fisk og sjømat,400 g,Scampi Kokt Med Hale,"kr 95,10",Frossen fisk og sjømat,"kr 237,75 per kg"
Fisk og sjømat,"26/30, 400 g",Scampi Rå med Skall,"kr 75,60",Frossen fisk og sjømat,"kr 189,00 per kg"
Fisk og sjømat,360 g,Frosne Kamskjell,"kr 147,10",Frossen fisk og sjømat,"kr 408,61 per kg"
Fisk og sjømat,"4 stk, 440 g",Torskefilet,"kr 84,90",Frossen fisk og sjømat,"kr 192,95 per kg"
Fisk og sjømat,"Benfri, Uten skinn, 700 g",Fiskefilet,"kr 79,90",Frossen fisk og sjømat,"kr 114,14 per kg"
Fisk og sjømat,"4 stk, Benfri, 400 g",Makrellfilet,"kr 64,90",Frossen fisk og sjømat,"kr 162,25 per kg"
Fisk og sjømat,"4 stk, Benfri, 460 g",Lettrøkt Hysefilet,"kr 89,90",Frossen fisk og sjømat,"kr 195,43 per kg"
Fisk og sjømat,450 g,Sugo Alle Vongole,"kr 71,90",Frossen fisk og sjømat,"kr 159,78 per kg"
Asiatisk,400 ml,Kokosmelk,"kr 17,90",Kokosmelk,"kr 44,75 per l"
Pålegg,"På Tube, 185 g",Stabbur-makrell,"kr 32,80",Majones og tubepålegg,"kr 177,30 per kg"
Asiatisk,260 g,Naan Bread,"kr 27,60",Naan og papadums,"kr 106,15 per kg"
"Kaker, kjeks og desserter",154 g,Oreo Kjeksrull,"kr 21,00",Kjeks,"kr 136,36 per kg"
Kjøtt og kylling,ca. 1 kg,Indrefilet av Kalv Med Parmaskinke og Parmesan,"kr 569,00",Storfe,"kr 569,00 per kg"
Tørkepapir og vaskemidler,4 stk,Kjøkkenrull,"kr 36,10",Toalettpapir og tørkerull,"kr 0,77 per m"
Tørkepapir og vaskemidler,1 stk,Lotus Tørkerull,"kr 35,80",Toalettpapir og tørkerull,"kr 0,36 per m"
Tørkepapir og vaskemidler,2 stk,Tørkerull,"kr 44,10",Toalettpapir og tørkerull,"kr 0,22 per m"
Tørkepapir og vaskemidler,1 stk,Torky Flexible Dispenser,"kr 98,60",Toalettpapir og tørkerull,"kr 98,60 per stk"
Tørkepapir og vaskemidler,77 stk,Vaskerull Refill,"kr 72,80",Toalettpapir og tørkerull,"kr 0,95 per stk"
Varme drikker,800 g,Sjokoladepulver,"kr 35,80",Kakao og sjokoladepulver,"kr 44,75 per kg"
Varme drikker,250 g,Kakao,"kr 24,80",Kakao og sjokoladepulver,"kr 99,20 per kg"
Varme drikker,"10pk, 320 g",Solbærtoddy,"kr 52,80",Kakao og sjokoladepulver,"kr 165,00 per kg"
Varme drikker,"Belgisk Sjokolade, 220 g",Sjokoladedrikk,"kr 58,20",Kakao og sjokoladepulver,"kr 264,55 per kg"
Mel og bakeingredienser,183 g,Lapper / Sveler,"kr 32,80",Ferdigmikser,"kr 179,23 per kg"
Mel og bakeingredienser,200 g,Grove Pannekaker,"kr 26,00",Ferdigmikser,"kr 130,00 per kg"
Mel og bakeingredienser,384 g,Eplekake Bakemiks,"kr 35,40",Ferdigmikser,"kr 92,19 per kg"
Mel og bakeingredienser,299 g,Marengs Pavlova,"kr 33,80",Ferdigmikser,"kr 113,04 per kg"
Mel og bakeingredienser,600 g,Hveteboller,"kr 39,40",Ferdigmikser,"kr 65,67 per kg"
Mel og bakeingredienser,552 g,Brownies,"kr 32,00",Ferdigmikser,"kr 57,97 per kg"
Mel og bakeingredienser,1 kg,Brownies Langpanne,"kr 67,20",Ferdigmikser,"kr 67,20 per kg"
Mel og bakeingredienser,1 kg,Sjokoladekake,"kr 45,30",Ferdigmikser,"kr 45,30 per kg"
Mel og bakeingredienser,450 g,Muffins,"kr 39,40",Ferdigmikser,"kr 87,56 per kg"
Mel og bakeingredienser,522 g,Pannekaker Økonomipakke,"kr 37,60",Ferdigmikser,"kr 72,03 per kg"
Tørkepapir og vaskemidler,"Tilfeldig mønster, 2 stk",Superklut,"kr 43,10","Kluter, svamper og hansker","kr 21,55 per stk"
Tørkepapir og vaskemidler,2 stk,Strikkeklut Bomull 2stk,"kr 23,60","Kluter, svamper og hansker","kr 11,80 per stk"
Tørkepapir og vaskemidler,1 stk,Mikrofiber Glassklut,"kr 28,10","Kluter, svamper og hansker","kr 28,10 per stk"
Tørkepapir og vaskemidler,1 stk,Mikrofiberklut Universal,"kr 18,10","Kluter, svamper og hansker","kr 18,10 per stk"
Tørkepapir og vaskemidler,1 stk,Mikrofiber Tørkehåndkle,"kr 28,10","Kluter, svamper og hansker","kr 28,10 per stk"
Tørkepapir og vaskemidler,"Assortert variant, 1 stk",Kjøkkenklut Microfiber,"kr 18,10","Kluter, svamper og hansker","kr 18,10 per stk"
Tørkepapir og vaskemidler,1 stk,Mikrofiberklut Baderom,"kr 43,10","Kluter, svamper og hansker","kr 43,10 per stk"
Tørkepapir og vaskemidler,1 stk,Mikrofibergulvklut,"kr 53,10","Kluter, svamper og hansker","kr 53,10 per stk"
Frukt og grønt,"3x198g, 594 g",Maiskorn,"kr 18,30",Hermetisert frukt og grønt,"kr 30,81 per kg"
Frukt og grønt,280 g,Soltørkede Tomater,"kr 44,80",Hermetisert frukt og grønt,"kr 160,00 per kg"
Frukt og grønt,390 g,Artisjokkhjerter,"kr 42,70",Hermetisert frukt og grønt,"kr 109,49 per kg"
Frukt og grønt,"Økologisk, 380 g",Maiskorn,"kr 21,20",Hermetisert frukt og grønt,"kr 55,79 per kg"
Frukt og grønt,190 g,Sushi Ingefær,"kr 62,80",Hermetisert frukt og grønt,"kr 330,53 per kg"
Frukt og grønt,145 g,Sushi Ginger,"kr 60,30",Hermetisert frukt og grønt,"kr 415,86 per kg"
Frukt og grønt,350 g,Kimchi,"kr 62,30",Hermetisert frukt og grønt,"kr 178,00 per kg"
Varme drikker,25 stk,Twinings Grønn Te med Sitron,"kr 63,40",Grønn te,"kr 2,54 per stk"
Varme drikker,25 stk,Grønn Te Earl Grey,"kr 59,20",Grønn te,"kr 2,37 per stk"
Varme drikker,20 stk,Clean Matcha Green,"kr 62,20",Grønn te,"kr 3,11 per stk"
Varme drikker,"Økologisk, 17 stk",Yogi Tea Green Balance,"kr 57,20",Grønn te,"kr 3,36 per stk"
Frukt og grønt,"Taste Lab, 250 g",Jalapeño Poppers,"kr 33,10",Frossen frukt og grønt,"kr 132,40 per kg"
Frukt og grønt,750 g,Rotgrønnsaker Grovkuttet,"kr 28,30",Frossen frukt og grønt,"kr 37,73 per kg"
Frukt og grønt,500 g,Søtpotet Fries,"kr 33,10",Frossen frukt og grønt,"kr 66,20 per kg"
Frukt og grønt,"Taste Lab, 300 g",Løkringer,"kr 31,60",Frossen frukt og grønt,"kr 105,33 per kg"
Frukt og grønt,"Taste Lab, 460 g",Røstipoteter med Ost,"kr 25,90",Frossen frukt og grønt,"kr 56,30 per kg"
Frukt og grønt,125 g,Sushi Salat Wakame,"kr 25,90",Frossen frukt og grønt,"kr 207,20 per kg"
Frukt og grønt,310 g,Grønnsaks Nuggets,"kr 47,50",Frossen frukt og grønt,"kr 153,23 per kg"
Legemidler og helsekost,100 ml,Tussin Hostemikstur,"kr 51,20",Legemidler,"kr 512,00 per l"
Legemidler og helsekost,"1 mg/ml, 100 ml",Pyrisept Oppløsning,"kr 51,20",Legemidler,"kr 512,00 per l"
Legemidler og helsekost,"2mg, 16 stk",Imodium Tabletter,"kr 113,20",Legemidler,"kr 7,08 per stk"
Legemidler og helsekost,"10 mg, 24 stk",Pepcid,"kr 218,90",Legemidler,"kr 9,12 per stk"
Legemidler og helsekost,18 bruk,Samarin,"kr 24,20",Legemidler,"kr 1,34 per bruk"
Legemidler og helsekost,"Mot Lus, 100 ml",10 Minutter Linicin Shampoo,"kr 220,70",Legemidler,"kr 2207,00 per l"
Legemidler og helsekost,"Egenbeskyttelse, 10 stk",Ansiktsmaske KN95,,Legemidler,"kr 16,00 per stk"
Mel og bakeingredienser,1 kg,Hvete Helkorn,"kr 17,40",Mel og sukker,"kr 17,40 per kg"
Mel og bakeingredienser,"Siktet, 2 kg",Hvetemel,"kr 18,90",Mel og sukker,"kr 9,45 per kg"
Mel og bakeingredienser,"Siktet, 1 kg",Hvetemel,"kr 12,80",Mel og sukker,"kr 12,80 per kg"
Mel og bakeingredienser,500 g,Melis,"kr 14,50",Mel og sukker,"kr 29,00 per kg"
Mel og bakeingredienser,1 kg,Sukker,"kr 20,90",Mel og sukker,"kr 20,90 per kg"
Mel og bakeingredienser,500 g,Brunt sukker,"kr 17,90",Mel og sukker,"kr 35,80 per kg"
Mel og bakeingredienser,500 g,Perlesukker,"kr 18,60",Mel og sukker,"kr 37,20 per kg"
Mel og bakeingredienser,500 g,"Sukkerbiter, Løs Raffinade","kr 20,90",Mel og sukker,"kr 41,80 per kg"
Mel og bakeingredienser,1 kg,Grovbakstmel,"kr 14,10",Mel og sukker,"kr 14,10 per kg"
Mel og bakeingredienser,1 kg,Sammalt Rug Grovmalt,"kr 12,20",Mel og sukker,"kr 12,20 per kg"
Brød og frokostblandinger,1 stk,Nysmurt Ciabatta Med Ost & Skinke,"kr 59,90",Påsmurt,"kr 59,90 per stk"
Brød og frokostblandinger,220 g,Nysmurt Ciabatta Med Roastbeef,"kr 59,90",Påsmurt,"kr 272,27 per kg"
Brød og frokostblandinger,1 stk,Nysmurt Ciabatta Med Røkt Laks og Eggerøre,"kr 59,90",Påsmurt,"kr 59,90 per stk"
Brød og frokostblandinger,1 stk,Nysmurt Vegetar Wraps,"kr 49,90",Påsmurt,"kr 49,90 per stk"
Brød og frokostblandinger,1 stk,Nysmurt Wrap Med Ost og Skinke,"kr 49,90",Påsmurt,"kr 49,90 per stk"
Brød og frokostblandinger,2 stk,Glutenfri Wienertoast,"kr 37,30",Påsmurt,"kr 207,22 per kg"
Frukt og grønt,250 g,Rosiner,"kr 19,30","Frø, nøtter og tørket frukt","kr 77,20 per kg"
Frukt og grønt,"6 x 42g, 252 g",Rosiner,"kr 26,40","Frø, nøtter og tørket frukt","kr 104,76 per kg"
Frukt og grønt,500 g,Rosiner,"kr 40,60","Frø, nøtter og tørket frukt","kr 81,20 per kg"
Frukt og grønt,60 g,Småsulten Nøttemiks,"kr 22,40","Frø, nøtter og tørket frukt","kr 373,33 per kg"
Frukt og grønt,600 g,Nøtte- & Fruktmix,"kr 31,10","Frø, nøtter og tørket frukt","kr 51,83 per kg"
Frukt og grønt,275 g,Peanøtter,"kr 18,40","Frø, nøtter og tørket frukt","kr 66,91 per kg"
Iceland,"16 stk, 490 g",Yorkshire Pudding,"kr 69,90",Middag og tilbehør,"kr 142,65 per kg"
Iceland,"7 stk, 420 g",Lyse Frøbriks,"kr 29,90",Middag og tilbehør,"kr 71,19 per kg"
Iceland,"7 stk, 420 g",Flerkornbriks,"kr 29,90",Middag og tilbehør,"kr 71,19 per kg"
Mel og bakeingredienser,"Økologisk, 18 g",Rålakrispulver,"kr 34,40",Baketilbehør,"kr 1911,11 per kg"
Mel og bakeingredienser,"5 poser, 0,07 kg",Tørrgjær Original,"kr 24,80",Baketilbehør,"kr 354,29 per kg"
Mel og bakeingredienser,"5 poser, 0,06 kg",Tørrgjær Søte Deiger,"kr 35,40",Baketilbehør,"kr 590,00 per kg"
Mel og bakeingredienser,"5 poser, 1 stk",Pizzagjær,"kr 24,60",Baketilbehør,"kr 24,60 per stk"
Mel og bakeingredienser,50 g,Fersk Gjær Søte Deiger,"kr 5,80",Baketilbehør,"kr 116,00 per kg"
Mel og bakeingredienser,50 g,Fersk Gjær Original,"kr 4,20",Baketilbehør,"kr 84,00 per kg"
Mel og bakeingredienser,50 g,Natron,"kr 14,80",Baketilbehør,"kr 296,00 per kg"
Pizza og taco,230 g,Taco Sauce Medium,"kr 15,60",Taco,"kr 67,83 per kg"
Pizza og taco,230 g,Tacosauce Hot,"kr 11,90",Taco,"kr 51,74 per kg"
Pizza og taco,230 g,Tacosauce Medium,"kr 10,40",Taco,"kr 45,22 per kg"
Pizza og taco,"0,18 kg",Taste Lab Salsa Clasica 180g,"kr 17,70",Taco,"kr 98,33 per kg"
Pizza og taco,"Mild, 315 g",Salsasaus Chunky,"kr 15,80",Taco,"kr 50,16 per kg"
Pizza og taco,120 g,Jalapeños,"kr 20,60",Taco,"kr 171,67 per kg"
Pizza og taco,"3 x 25g, 85 g",Taco Spice Mix 3 stk,"kr 17,80",Taco,"kr 209,41 per kg"
Pizza og taco,25 g,Taco Spice Mix,"kr 7,30",Taco,"kr 292,00 per kg"
Sminke og skjønnhet,1 stk,Volum'Express Colossal Black,"kr 143,50",Mascara,"kr 143,50 per stk"
Sminke og skjønnhet,1 stk,Volume Million Lashes So Couture Black,"kr 186,20",Mascara,"kr 186,20 per stk"
Sminke og skjønnhet,1 stk,Great Lash Very Black,"kr 109,20",Mascara,"kr 109,20 per stk"
Sminke og skjønnhet,1 stk,Double Extension Mascara Black,"kr 196,60",Mascara,"kr 196,60 per stk"
Sminke og skjønnhet,1 stk,Telescopic Mascara Carbon Black,"kr 165,40",Mascara,"kr 165,40 per stk"
Sminke og skjønnhet,1 stk,Volume Million Lashes Mascara Black,"kr 186,20",Mascara,"kr 186,20 per stk"
Sminke og skjønnhet,1 stk,Volum Million Lashes Brown,"kr 175,80",Mascara,"kr 175,80 per stk"
Sminke og skjønnhet,1 stk,Brow drama Transparent,"kr 123,80",Mascara,"kr 123,80 per stk"
Sminke og skjønnhet,1 stk,Brow drama Medium Brown,"kr 123,80",Mascara,"kr 123,80 per stk"
Tørkepapir og vaskemidler,750 ml,Klorin,"kr 24,60",Vaskemidler,"kr 32,80 per l"
Tørkepapir og vaskemidler,500 ml,Klar Baderomsspray,"kr 52,40",Vaskemidler,"kr 104,80 per l"
Tørkepapir og vaskemidler,"Frisk duft, 0,75 l",Allrent,"kr 43,90",Vaskemidler,"kr 58,53 per l"
Tørkepapir og vaskemidler,48 stk,Universalserviett Rengjøring,"kr 28,50",Vaskemidler,"kr 0,59 per stk"
Tørkepapir og vaskemidler,"Kjøkken, 60 stk",Easy Wipe,"kr 46,10",Vaskemidler,"kr 0,77 per stk"
Tørkepapir og vaskemidler,"Toalett og bad, 60 stk",Easy Wipe,"kr 47,40",Vaskemidler,"kr 0,79 per stk"
Tørkepapir og vaskemidler,"Glass og speil, 60 stk",Easy Wipe,"kr 42,60",Vaskemidler,"kr 0,71 per stk"
Varme drikker,"20 poser, 20 stk",Spicy Indian Chai,"kr 61,40",Urte-te og frukt-te,"kr 3,07 per stk"
Varme drikker,25 stk,"Eple, Kanel & Rosin-te","kr 55,80",Urte-te og frukt-te,"kr 2,23 per stk"
Varme drikker,20 stk,Peppermint & Licorice Tea,"kr 59,80",Urte-te og frukt-te,"kr 2,99 per stk"
Varme drikker,"Infuso, 20 stk",Ginger & Lime-te,"kr 65,60",Urte-te og frukt-te,"kr 3,28 per stk"
Varme drikker,"40 poser, 40 stk",Taste Collection Frukt-Te,"kr 57,80",Urte-te og frukt-te,"kr 1,45 per stk"
Varme drikker,"20 poser, 20 stk",Peach Mango Tea Pyramide,"kr 34,40",Urte-te og frukt-te,"kr 1,72 per stk"
Fisk og sjømat,110 g,Lobnobs,"kr 19,10",Frossen fisk og sjømat,"kr 173,64 per kg"
Fisk og sjømat,"90+, 2 kg",Best Pris Reker,"kr 99,90",Frossen fisk og sjømat,"kr 49,95 per kg"
Fisk og sjømat,450 g,Fiskepinner,"kr 39,30",Frossen fisk og sjømat,"kr 87,33 per kg"
Fisk og sjømat,1 stk,Frosne Fylte Krabbeskjell,"kr 51,90",Frossen fisk og sjømat,"kr 346,00 per kg"
Fisk og sjømat,"Chile, Str 60/80, 1 kg",Frosne Halvkokt Blåskjell,"kr 62,30",Frossen fisk og sjømat,"kr 62,30 per kg"
Fisk og sjømat,"USA, Str 10/20, 500 g",Frosne Kamskjell Uten Rogn,"kr 134,20",Frossen fisk og sjømat,"kr 268,40 per kg"
Asiatisk,250 ml,Kokosmelk,"kr 16,90",Kokosmelk,"kr 67,60 per l"
Asiatisk,400 ml,Kokosmelk Lett,"kr 14,10",Kokosmelk,"kr 35,25 per l"
Asiatisk,165 ml,Kokosmelk Mini,"kr 12,60",Kokosmelk,"kr 76,36 per l"
Pålegg,"Tube, 175 g",Rekeost,"kr 33,40",Majones og tubepålegg,"kr 190,86 per kg"
Pålegg,"Tube, 175 g",Jalapeño Ost,"kr 33,40",Majones og tubepålegg,"kr 190,86 per kg"
Pålegg,"Tube, 175 g",Mager Skinkeost,"kr 32,80",Majones og tubepålegg,"kr 187,43 per kg"
Pålegg,"Tube, 175 g",Skinkeost,"kr 31,40",Majones og tubepålegg,"kr 179,43 per kg"
Pålegg,"Tube, 175 g",Magerost Kylling,"kr 33,40",Majones og tubepålegg,"kr 190,86 per kg"
Pålegg,"Tube, 175 g",Baconost,"kr 32,40",Majones og tubepålegg,"kr 185,14 per kg"
Pålegg,"Ekte, 160 g",Majones,"kr 26,90",Majones og tubepålegg,"kr 168,13 per kg"
Pålegg,175 g,Lettmajones,"kr 29,80",Majones og tubepålegg,"kr 170,29 per kg"
Asiatisk,260 g,Naan Bread Garlic,"kr 28,10",Naan og papadums,"kr 108,08 per kg"
Asiatisk,110 g,Papadums,"kr 31,80",Naan og papadums,"kr 3,18 per stk"
Asiatisk,"4 stk, 240 g",Naanbrød Original Mini,"kr 31,60",Naan og papadums,"kr 131,67 per kg"
Asiatisk,260 g,Nirus Håndlagde Hvitløksnan,"kr 38,90",Naan og papadums,"kr 149,62 per kg"
Asiatisk,260 g,Nirus Håndlagde Nan,"kr 36,80",Naan og papadums,"kr 141,54 per kg"
Asiatisk,125 g,Papadam med Spisskummen,"kr 28,80",Naan og papadums,"kr 230,40 per kg"
Asiatisk,125 g,Nirus Papadam Orginal,"kr 30,70",Naan og papadums,"kr 245,60 per kg"
"Kaker, kjeks og desserter",200 g,Cafe Bakeriet Skogsbærdrøm,"kr 48,90",Kjeks,"kr 244,50 per kg"
"Kaker, kjeks og desserter",200 g,Ritz Crackers,"kr 24,60",Kjeks,"kr 123,00 per kg"
"Kaker, kjeks og desserter","Original, 225 g",Kornmo,"kr 30,80",Kjeks,"kr 136,89 per kg"
"Kaker, kjeks og desserter",200 g,Café Bakeriet Sjokoladeterapi,"kr 48,90",Kjeks,"kr 244,50 per kg"
"Kaker, kjeks og desserter",184 g,Melkesjokolade Kjeks,"kr 39,90",Kjeks,"kr 216,85 per kg"
"Kaker, kjeks og desserter","Nougat, 205 g",Ballerina Kjeks,"kr 29,60",Kjeks,"kr 144,39 per kg"
"Kaker, kjeks og desserter",200 g,Safari Original,"kr 25,30",Kjeks,"kr 126,50 per kg"
Kjøtt og kylling,Til ca. 2 Personer,Hellstrøms Entrecote av Angus,"kr 232,30",Storfe,"kr 580,75 per kg"
Kjøtt og kylling,Ca 3kg,Hel Entrecote av Storfe,"kr 1605,60",Storfe,"kr 535,20 per kg"
Kjøtt og kylling,"Til 1 Person, ca. 200 g",Hellstrøms Indrefilet av Angus,"kr 158,50",Storfe,"kr 792,50 per kg"
Kjøtt og kylling,ca. 400 g,Hellstrøms Indrefilet av Angus,"kr 274,50",Storfe,"kr 686,25 per kg"
Kjøtt og kylling,"Til 4 Personer, ca. 800 g",Hellstrøms Indrefilet av Angus,"kr 528,00",Storfe,"kr 660,00 per kg"
Kjøtt og kylling,"1,8 kg",Hel Indrefilet av Storfe,"kr 699,00",Storfe,"kr 388,33 per kg"
Kjøtt og kylling,2 kg,Hel Ytrefilet av Okse,"kr 549,00",Storfe,"kr 274,50 per kg"
Kjøtt og kylling,Til ca. 4 Personer,Hellstrøms Ytrefilet av Angus,"kr 496,40",Storfe,"kr 620,50 per kg"
Mel og bakeingredienser,600 g,Vafler,"kr 29,90",Ferdigmikser,"kr 49,83 per kg"
Mel og bakeingredienser,591 g,Vafler Familiepakning,"kr 24,90",Ferdigmikser,"kr 42,13 per kg"
Mel og bakeingredienser,1 kg,Boller 1-2-3,"kr 21,80",Ferdigmikser,"kr 21,80 per kg"
Mel og bakeingredienser,1 kg,Kornbrød 1-2-3,"kr 25,80",Ferdigmikser,"kr 25,80 per kg"
Mel og bakeingredienser,1 kg,Grovbrød Mix,"kr 24,80",Ferdigmikser,"kr 24,80 per kg"
Mel og bakeingredienser,1 kg,Havrebrød 1-2-3,"kr 25,80",Ferdigmikser,"kr 25,80 per kg"
Mel og bakeingredienser,1 kg,Solsikkebrød,"kr 25,80",Ferdigmikser,"kr 25,80 per kg"
Mel og bakeingredienser,500 g,Focaccia,"kr 32,40",Ferdigmikser,"kr 64,80 per kg"
Tørkepapir og vaskemidler,3 stk,Prima Gulvklut,"kr 31,60","Kluter, svamper og hansker","kr 10,53 per stk"
Tørkepapir og vaskemidler,5 stk,Mikrofiber Chiffoklut,"kr 22,30","Kluter, svamper og hansker","kr 4,46 per stk"
Tørkepapir og vaskemidler,10 stk,Stålullpads,"kr 23,00","Kluter, svamper og hansker","kr 2,30 per stk"
Tørkepapir og vaskemidler,"Medium, 2 par, 2 stk",Gummihansker,"kr 18,10","Kluter, svamper og hansker","kr 9,05 per stk"
Tørkepapir og vaskemidler,"Large, 2 par, 2 stk",Gummihansker,"kr 18,80","Kluter, svamper og hansker","kr 9,40 per stk"
Tørkepapir og vaskemidler,"Tilfeldig Farge, 10 liter, 1 stk",Plastbøtte,"kr 19,10","Kluter, svamper og hansker","kr 19,10 per stk"
Tørkepapir og vaskemidler,"33 cm, 1 stk",Vindusnal,"kr 32,60","Kluter, svamper og hansker","kr 32,60 per stk"
Pålegg,"Håndlagt, 100 g",Kokt skinke,"kr 26,90",Kjøtt- og kyllingpålegg,"kr 269,00 per kg"
Barneprodukter,10 stk,Ballonger,"kr 13,20",Leker og aktiviteter for barn,"kr 1,32 per stk"
Asiatisk,1 l,Kikkoman Soyasaus,"kr 123,50",Soyasaus og chilisaus,"kr 123,50 per l"
Frukt og grønt,410 g,Tørkede Erter,"kr 15,80",Hermetisert frukt og grønt,"kr 38,54 per kg"
Frukt og grønt,410 g,Husholdningserter,"kr 16,10",Hermetisert frukt og grønt,"kr 39,27 per kg"
Frukt og grønt,250 g,Erter & Gulrøtter,"kr 16,80",Hermetisert frukt og grønt,"kr 67,20 per kg"
Frukt og grønt,410 g,Brekkbønner,"kr 21,80",Hermetisert frukt og grønt,"kr 53,17 per kg"
Frukt og grønt,425 g,Bønnespirer,"kr 16,90",Hermetisert frukt og grønt,"kr 39,76 per kg"
Frukt og grønt,"Økologisk, 180 g",Kidneybønner,"kr 15,90",Hermetisert frukt og grønt,"kr 88,33 per kg"
Frukt og grønt,"Økologisk, 400 g",Røde Kidneybønner,"kr 25,10",Hermetisert frukt og grønt,"kr 62,75 per kg"
Asiatisk,360 g,Butterchicken med Kryddermiks,"kr 48,80",Indisk,"kr 135,56 per kg"
Asiatisk,"Boil In Bag 8x125g, 1 kg",Middagsris,"kr 37,00",Ris og nudler,"kr 37,00 per kg"
Barneprodukter,"Str.1 2-5kg, 22 stk",Libero Touch,"kr 56,10",Bleier,"kr 2,55 per stk"
Mel og bakeingredienser,"Tipo-0, 1 kg",Pizzamel,"kr 27,80",Mel og sukker,"kr 27,80 per kg"
Mel og bakeingredienser,"Tipo-00, 1 kg",Hvetemel,"kr 37,30",Mel og sukker,"kr 37,30 per kg"
Mel og bakeingredienser,1 kg,Sammalt Hvete Grovmalt,"kr 14,10",Mel og sukker,"kr 14,10 per kg"
Mel og bakeingredienser,1 kg,Rugmel Siktet,"kr 18,90",Mel og sukker,"kr 18,90 per kg"
Mel og bakeingredienser,1 kg,Havremel,"kr 33,40",Mel og sukker,"kr 33,40 per kg"
Mel og bakeingredienser,500 g,Potetmel,"kr 26,20",Mel og sukker,"kr 52,40 per kg"
Mel og bakeingredienser,400 g,Griljermel,"kr 36,40",Mel og sukker,"kr 91,00 per kg"
Mel og bakeingredienser,"Fin, 1 kg",Hvete Sammalt,"kr 13,00",Mel og sukker,"kr 13,00 per kg"
Mel og bakeingredienser,1 kg,Byggmel Siktet,"kr 16,80",Mel og sukker,"kr 16,80 per kg"
Mel og bakeingredienser,400 g,Kruskakli Hvete,"kr 14,80",Mel og sukker,"kr 37,00 per kg"
Mel og bakeingredienser,950 g,Havrekli,"kr 38,80",Mel og sukker,"kr 40,84 per kg"
Frukt og grønt,175 g,Cashewnøtter,"kr 38,80","Frø, nøtter og tørket frukt","kr 221,71 per kg"
Frukt og grønt,175 g,Chilinøtter,"kr 25,70","Frø, nøtter og tørket frukt","kr 146,86 per kg"
Frukt og grønt,175 g,Pistasjnøtter,"kr 41,20","Frø, nøtter og tørket frukt","kr 235,43 per kg"
Frukt og grønt,250 g,Tørkede Aprikoser,"kr 25,20","Frø, nøtter og tørket frukt","kr 100,80 per kg"
Frukt og grønt,250 g,Hasselnøttkjerner,"kr 33,90","Frø, nøtter og tørket frukt","kr 135,60 per kg"
Frukt og grønt,200 g,Valnøttkjerner,"kr 46,40","Frø, nøtter og tørket frukt","kr 232,00 per kg"
Mel og bakeingredienser,65 g,Hornsalt,"kr 23,00",Baketilbehør,"kr 353,85 per kg"
Mel og bakeingredienser,360 g,Kakebunn i 3 deler,"kr 24,00",Baketilbehør,"kr 66,67 per kg"
Mel og bakeingredienser,100 g,Vanilla Paste,"kr 81,90",Baketilbehør,"kr 819,00 per kg"
Mel og bakeingredienser,44 g,Kakepynkt Bokstaver og Tall,"kr 45,90",Baketilbehør,"kr 1043,18 per kg"
Mel og bakeingredienser,"4 x 10g, 40 g",Konditorfarger,"kr 40,00",Baketilbehør,"kr 1000,00 per kg"
Mel og bakeingredienser,"4 kammer, 85 g",Kakepynt Silver,"kr 45,30",Baketilbehør,"kr 532,94 per kg"
Mel og bakeingredienser,78 g,Sweetheart Strøssel,"kr 50,00",Baketilbehør,"kr 641,03 per kg"
Mel og bakeingredienser,"4 kammer, 76 g",Kakepynt Super Hero,"kr 57,90",Baketilbehør,"kr 761,84 per kg"
Mel og bakeingredienser,"4 kammer, 100 g",Kakepynt Neon,"kr 49,60",Baketilbehør,"kr 496,00 per kg"
Pizza og taco,85 g,Crispy Fish Spice Mix,"kr 20,70",Taco,"kr 243,53 per kg"
Pizza og taco,20 g,Guacamole Spicemix,"kr 10,40",Taco,"kr 520,00 per kg"
Pizza og taco,"Smoky BBQ, 30 g",Spice Mix Fajita,"kr 9,80",Taco,"kr 326,67 per kg"
Pizza og taco,"Ost, 185 g",Tortillachips,"kr 42,40",Taco,"kr 229,19 per kg"
Pizza og taco,185 g,Nachips,"kr 23,80",Taco,"kr 128,65 per kg"
Pizza og taco,185 g,Tortilla Chips Chili,"kr 26,80",Taco,"kr 144,86 per kg"
Pizza og taco,185 g,Tortillachips Sea Salt,"kr 26,80",Taco,"kr 144,86 per kg"
Pizza og taco,185 g,Tortilla Chips Cheese,"kr 35,80",Taco,"kr 193,51 per kg"
Pizza og taco,185 g,Tortilla Chips Paprika,"kr 36,80",Taco,"kr 198,92 per kg"
Pizza og taco,185 g,Tortilla Strips Original Salt 185g,"kr 32,60",Taco,"kr 176,22 per kg"
Sminke og skjønnhet,1 stk,Brow drama Dark Brown,"kr 103,00",Mascara,"kr 103,00 per stk"
Sminke og skjønnhet,1 stk,Volum'Express Colossal Waterproof,"kr 143,50",Mascara,"kr 143,50 per stk"
Sminke og skjønnhet,1 stk,Lash Sensational - Black WP,"kr 144,60",Mascara,"kr 144,60 per stk"
Sminke og skjønnhet,1 stk,Mega Volum Collagen Extra Black,"kr 165,40",Mascara,"kr 165,40 per stk"
Sminke og skjønnhet,1 stk,Volume Million Lashes Mascara WP Black,"kr 186,20",Mascara,"kr 186,20 per stk"
Sminke og skjønnhet,1 stk,Million Lashes Volume Mascara  Feline Black,"kr 186,20",Mascara,"kr 186,20 per stk"
Sminke og skjønnhet,1 stk,Paradise Extatic Black WP,"kr 155,00",Mascara,"kr 155,00 per stk"
Tørkepapir og vaskemidler,500 ml,Universalspray,"kr 18,90",Vaskemidler,"kr 37,80 per l"
Tørkepapir og vaskemidler,500 ml,Baderomsspray,"kr 23,60",Vaskemidler,"kr 47,20 per l"
Tørkepapir og vaskemidler,500 ml,Kjøkkenspray,"kr 26,10",Vaskemidler,"kr 52,20 per l"
Tørkepapir og vaskemidler,500 ml,Universal,"kr 32,90",Vaskemidler,"kr 65,80 per l"
Tørkepapir og vaskemidler,"Refill, 250 ml",Jif Universal Konsentrat,"kr 30,00",Vaskemidler,"kr 120,00 per l"
Tørkepapir og vaskemidler,"Spray, 500 ml",Baderom,"kr 41,40",Vaskemidler,"kr 82,80 per l"
Tørkepapir og vaskemidler,"Refill, 500 ml",Jif Baderom,"kr 35,00",Vaskemidler,"kr 70,00 per l"
Tørkepapir og vaskemidler,500 ml,Kjøkkenspray,"kr 37,60",Vaskemidler,"kr 75,20 per l"
Middager og tilbehør,100 g,Døgnvill Aioli,"kr 19,90",Middagstilbehør,"kr 199,00 per kg"
Barneprodukter,"Beurer FT65, 1 stk",Øre- og pannetermometer,"kr 399,90",Nyttig til barn,"kr 399,90 per stk"
Barneprodukter,"Gullfarget med børste, 4 stk",Sugerør metall,"kr 99,90",Bursdag,"kr 24,98 per stk"
Is og desserter,"0,9 l",Royal Vanilje,"kr 67,80",Is i boks,"kr 75,33 per l"
Varme drikker,20 stk,Urtete Sweet Dreams,"kr 42,80",Urte-te og frukt-te,"kr 2,14 per stk"
Varme drikker,"Økologisk, 17 stk",Yogi Tea Ginger Lemon,"kr 58,30",Urte-te og frukt-te,"kr 3,43 per stk"
Varme drikker,"Økologisk, 17 stk",Yogi Tea Turmeric Chai,"kr 58,30",Urte-te og frukt-te,"kr 3,43 per stk"
Varme drikker,"Økologisk, 17 stk",Yogi Tea Detox,"kr 58,30",Urte-te og frukt-te,"kr 3,43 per stk"
Varme drikker,"Økologisk, 17 stk",Yogi Tea Green Balance,"kr 57,20",Urte-te og frukt-te,"kr 3,36 per stk"
Varme drikker,"Økologisk, 17 stk",Yogi Tea Bedtime,"kr 58,30",Urte-te og frukt-te,"kr 3,43 per stk"
Varme drikker,"Økologisk, 17 stk",Yogi Tea Matcha Lemon,"kr 58,30",Urte-te og frukt-te,"kr 3,43 per stk"
Varme drikker,20 stk,Turmeric Active,"kr 59,80",Urte-te og frukt-te,"kr 2,99 per stk"
Varme drikker,20 stk,Relax,"kr 62,20",Urte-te og frukt-te,"kr 3,11 per stk"
Fisk og sjømat,"Uten Skinn, 4 stk",Frossen Laksefilet,"kr 94,90",Frossen fisk og sjømat,"kr 189,80 per kg"
Fisk og sjømat,"Uten Skinn & Ben, 190 g",Gulfinnet Tunfiskfilet,"kr 36,30",Frossen fisk og sjømat,"kr 191,05 per kg"
Fisk og sjømat,"Str 31/40, 400 g",Kokte Reker Vannamei,"kr 83,10",Frossen fisk og sjømat,"kr 207,75 per kg"
Fisk og sjømat,4 stk,Lakseporsjoner Med Skinn,"kr 46,90",Frossen fisk og sjømat,"kr 93,80 per kg"
Fisk og sjømat,320 g,Panert Fiskefilet med Chili,"kr 31,20",Frossen fisk og sjømat,"kr 97,50 per kg"
Fisk og sjømat,320 g,Panert Fiskefilet Med Hvitløk,"kr 31,20",Frossen fisk og sjømat,"kr 97,50 per kg"
Fisk og sjømat,"Str 21/25, 750 g",Rå Scampi Uten Skall,"kr 136,80",Frossen fisk og sjømat,"kr 182,40 per kg"
Fisk og sjømat,"Str 20/30, 920 g",Sjøfrosne Kamskjell,"kr 373,40",Frossen fisk og sjømat,"kr 405,87 per kg"
Fisk og sjømat,"Str 50/70, 5 kg",Ekstra Store Frosne Reker,"kr 810,20",Frossen fisk og sjømat,"kr 162,04 per kg"
Fisk og sjømat,245 g,Fish & Crisp Nuggets,"kr 39,90",Frossen fisk og sjømat,"kr 162,86 per kg"
Fisk og sjømat,1 kg,Kokt Kongekrabbe,"kr 599,00",Frossen fisk og sjømat,"kr 599,00 per kg"
Pålegg,"Lett, 170 g",Majones,"kr 28,40",Majones og tubepålegg,"kr 167,06 per kg"
Pålegg,215 g,Majones,"kr 32,00",Majones og tubepålegg,"kr 148,84 per kg"
Pålegg,"Tube, 160 g",Remulade,"kr 30,90",Majones og tubepålegg,"kr 193,13 per kg"
Pålegg,330 g,Ekte Majones,"kr 32,50",Majones og tubepålegg,"kr 98,48 per kg"
Pålegg,330 g,Lettmajones,"kr 36,60",Majones og tubepålegg,"kr 110,91 per kg"
Pålegg,165 g,Ekte Remulade,"kr 26,80",Majones og tubepålegg,"kr 162,42 per kg"
Pålegg,400 g,Ekte Majones,"kr 41,80",Majones og tubepålegg,"kr 104,50 per kg"
"Kaker, kjeks og desserter",100 g,Tynne Speltkjeks Sætres Beste,,Kjeks,"kr 243,60 per kg"
"Kaker, kjeks og desserter","5 Beste til Ost, 170 g",Sætres Beste,,Kjeks,"kr 299,76 per kg"
"Kaker, kjeks og desserter","Salinas, 200 g",Sætres Beste,,Kjeks,"kr 156,80 per kg"
"Kaker, kjeks og desserter",182 g,Cookieglede Sjokofyll,"kr 44,90",Kjeks,"kr 246,70 per kg"
"Kaker, kjeks og desserter",180 g,Sjokoklem,"kr 46,60",Kjeks,"kr 258,89 per kg"
"Kaker, kjeks og desserter",144 g,Sjokopinner,"kr 33,40",Kjeks,"kr 231,94 per kg"
"Kaker, kjeks og desserter",200 g,Kapteinkjeks,"kr 20,80",Kjeks,"kr 104,00 per kg"
Kjøtt og kylling,ca. 200 g,Hellstrøms Ytrefilet av Angus,"kr 137,30",Storfe,"kr 686,50 per kg"
Kjøtt og kylling,"Til  2 Personer, 400 g",Hellstrøms Ytrefilet av Angus,"kr 264,00",Storfe,"kr 660,00 per kg"
Kjøtt og kylling,"Til 3-4 Personer, 800 g",Hellstrøms Côte De Boeuf av Angus,"kr 528,00",Storfe,"kr 660,00 per kg"
Kjøtt og kylling,380 g,Okse T-benstek,"kr 208,00",Storfe,"kr 547,37 per kg"
Kjøtt og kylling,"2 stk, ca. 500 g",Panert Kalvesnitzel,"kr 139,00",Storfe,"kr 278,00 per kg"
Kjøtt og kylling,600 g,Okse Bibringe,"kr 91,60",Storfe,"kr 152,67 per kg"
Kjøtt og kylling,500 g,Okse Høyrygg i Terninger,"kr 147,70",Storfe,"kr 295,40 per kg"
Kjøtt og kylling,"Fryst, 1 kg",Oksehaler,"kr 129,60",Storfe,"kr 129,60 per kg"
Kjøtt og kylling,"100% Grass Fed, 250 g",Pampas Entrecôte Av Storfe,"kr 104,90",Storfe,"kr 419,60 per kg"
Mel og bakeingredienser,"Økologisk, brødmiks, 1 kg",Flerkornbrød,"kr 29,00",Ferdigmikser,"kr 29,00 per kg"
Mel og bakeingredienser,"Økologisk, 1 kg",Brødmiks Kolonialbrød,"kr 25,00",Ferdigmikser,"kr 25,00 per kg"
Mel og bakeingredienser,"Glutenfri, 346 g",Fin Kakemiks,"kr 34,60",Ferdigmikser,"kr 100,00 per kg"
Mel og bakeingredienser,242 g,Vafler Mix Glutenfri,"kr 36,90",Ferdigmikser,"kr 152,48 per kg"
Mel og bakeingredienser,409 g,Havrebrød Glutenfri,"kr 50,10",Ferdigmikser,"kr 122,49 per kg"
Mel og bakeingredienser,225 g,Paideig,"kr 26,40",Ferdigmikser,"kr 117,33 per kg"
Mel og bakeingredienser,450 g,Butterdeigsplater,"kr 22,00",Ferdigmikser,"kr 48,89 per kg"
Tørkepapir og vaskemidler,"Refill, 15 stk",Tørrmopp Støvmagnet,"kr 91,80","Kluter, svamper og hansker","kr 6,12 per stk"
Tørkepapir og vaskemidler,1 stk,Avisningsklut fryser,"kr 99,90","Kluter, svamper og hansker","kr 99,90 per stk"
Tørkepapir og vaskemidler,4 stk,Kjøkkenhåndkle Grå/hvit,"kr 59,90","Kluter, svamper og hansker","kr 14,98 per stk"
Pålegg,100 g,Roastbiff,"kr 35,30",Kjøtt- og kyllingpålegg,"kr 353,00 per kg"
Pålegg,"Med Oliven, 100 g",Provenceskinke,"kr 31,10",Kjøtt- og kyllingpålegg,"kr 311,00 per kg"
Pålegg,100 g,Ardenneskinke,"kr 31,10",Kjøtt- og kyllingpålegg,"kr 311,00 per kg"
Pålegg,100 g,Ribberull,"kr 31,10",Kjøtt- og kyllingpålegg,"kr 311,00 per kg"
Pålegg,100 g,Gourmetskinke,"kr 31,10",Kjøtt- og kyllingpålegg,"kr 311,00 per kg"
Pålegg,100 g,Marinert & Kydret Skinkebiff,"kr 31,10",Kjøtt- og kyllingpålegg,"kr 311,00 per kg"
Pålegg,100 g,Pepperskinke,"kr 31,10",Kjøtt- og kyllingpålegg,"kr 311,00 per kg"
Barneprodukter,1 stk,Byggeklosser tre,"kr 199,90",Leker og aktiviteter for barn,"kr 199,90 per stk"
Barneprodukter,1 stk,Drone X15A,"kr 399,90",Leker og aktiviteter for barn,"kr 399,90 per stk"
Barneprodukter,"Blå, 1 stk",Juniorens verktøysett,"kr 249,90",Leker og aktiviteter for barn,"kr 249,90 per stk"
Barneprodukter,1 stk,Kasseapparat av tre,"kr 199,90",Leker og aktiviteter for barn,"kr 199,90 per stk"
Barneprodukter,1 stk,Kortstokk,"kr 39,90",Leker og aktiviteter for barn,"kr 39,90 per stk"
Barneprodukter,1 stk,Maxi-yatzy,"kr 49,90",Leker og aktiviteter for barn,"kr 49,90 per stk"
Barneprodukter,"24-pack, 1 stk",Modell-leire,"kr 149,90",Leker og aktiviteter for barn,"kr 149,90 per stk"
Barneprodukter,1 stk,Rubiks Kube,"kr 169,90",Leker og aktiviteter for barn,"kr 169,90 per stk"
Barneprodukter,1 stk,Traktor med dyr,"kr 299,90",Leker og aktiviteter for barn,"kr 299,90 per stk"
Asiatisk,500 ml,Soyasaus,"kr 74,40",Soyasaus og chilisaus,"kr 148,80 per l"
Asiatisk,150 ml,Sushi Soyasaus,"kr 49,80",Soyasaus og chilisaus,"kr 332,00 per l"
Asiatisk,250 ml,Soyasaus Glutenfri,"kr 54,80",Soyasaus og chilisaus,"kr 219,20 per l"
Asiatisk,250 ml,Kikkoman Sushi & Sashimisaus,"kr 56,90",Soyasaus og chilisaus,"kr 227,60 per l"
Asiatisk,250 ml,Soyasaus Økologisk,"kr 83,10",Soyasaus og chilisaus,"kr 332,40 per l"
Asiatisk,150 ml,Soyasaus Mindre Salt,"kr 31,80",Soyasaus og chilisaus,"kr 212,00 per l"
Asiatisk,150 ml,Kikkoman Soyasaus,"kr 32,90",Soyasaus og chilisaus,"kr 219,33 per l"
Asiatisk,150 ml,Sesamolje,"kr 65,60",Soyasaus og chilisaus,"kr 437,33 per l"
Asiatisk,190 ml,Rich Hoisin Sauce,"kr 43,80",Soyasaus og chilisaus,"kr 230,53 per l"
Frukt og grønt,420 g,Kidneybønner,"kr 13,40",Hermetisert frukt og grønt,"kr 31,90 per kg"
Frukt og grønt,432 g,Bønner Røde Kidney,"kr 40,80",Hermetisert frukt og grønt,"kr 94,44 per kg"
Frukt og grønt,410 g,Kidneybønner i Chili,"kr 15,70",Hermetisert frukt og grønt,"kr 38,29 per kg"
Frukt og grønt,439 g,Bønner Chili,"kr 36,40",Hermetisert frukt og grønt,"kr 82,92 per kg"
Frukt og grønt,439 g,Kikerter Garbanzobønner,"kr 33,90",Hermetisert frukt og grønt,"kr 77,22 per kg"
Frukt og grønt,410 g,Kikerter,"kr 15,40",Hermetisert frukt og grønt,"kr 37,56 per kg"
Frukt og grønt,415 g,Baked Beans,"kr 29,80",Hermetisert frukt og grønt,"kr 71,81 per kg"
Asiatisk,"Medium, 360 g",Tikka Masala med Kryddermiks,"kr 49,80",Indisk,"kr 138,33 per kg"
Asiatisk,360 g,Tandoori Saus,"kr 47,80",Indisk,"kr 132,78 per kg"
Asiatisk,350 g,Korma Cooking Saus,"kr 36,80",Indisk,"kr 105,14 per kg"
Asiatisk,350 g,Butter Chicken Cooking Saus,"kr 40,60",Indisk,"kr 116,00 per kg"
Asiatisk,350 g,Tikka Masala Cooking Sauce,"kr 31,60",Indisk,"kr 90,29 per kg"
Asiatisk,"Curry Sauce, 350 g",Cooking Saus Tikka Masala Hot & Spicy,"kr 44,80",Indisk,"kr 128,00 per kg"
Asiatisk,350 g,Jalfrezi Cooking Saus,"kr 45,80",Indisk,"kr 130,86 per kg"
Asiatisk,350 g,Tandoori Cooking Sauce,"kr 34,40",Indisk,"kr 98,29 per kg"
Asiatisk,350 g,Korma Karrisaus,"kr 32,60",Indisk,"kr 93,14 per kg"
Asiatisk,500 g,Sushiris,"kr 64,20",Ris og nudler,"kr 128,40 per kg"
Asiatisk,250 g,Eggnudler,"kr 12,30",Ris og nudler,"kr 49,20 per kg"
Asiatisk,"Boil-in-bag 8x125g, 1 kg",Fullkornsris,"kr 39,60",Ris og nudler,"kr 39,60 per kg"
Asiatisk,"12 stk, 134 g",Vårrull Wrap,"kr 68,80",Ris og nudler,"kr 513,43 per kg"
Asiatisk,"Boil-in-bag, 1 kg",Basmatiris,"kr 55,60",Ris og nudler,"kr 55,60 per kg"
Asiatisk,"8x125g, Boil-in-bag, 1 kg",Jasminris,"kr 34,60",Ris og nudler,"kr 34,60 per kg"
Asiatisk,500 g,Nirus Basmati Ris,"kr 39,80",Ris og nudler,"kr 79,60 per kg"
Asiatisk,500 g,Basmatiris Løs,"kr 27,00",Ris og nudler,"kr 54,00 per kg"
Asiatisk,"8 poser, 960 g",Jasminris Boil in Bag,"kr 35,90",Ris og nudler,"kr 37,40 per kg"
Barneprodukter,"Str. 2 3-6kg, 32 stk",Libero Touch,"kr 62,60",Bleier,"kr 1,96 per stk"
Barneprodukter,"Str.3 4-8kg, 28 stk",Libero Touch,"kr 61,10",Bleier,"kr 2,18 per stk"
Barneprodukter,"Str.4 7-11kg, 24 stk",Touch,"kr 61,10",Bleier,"kr 2,55 per stk"
Barneprodukter,"Str.5 10-14kg, 22 stk",Touch,"kr 62,60",Bleier,"kr 2,85 per stk"
Barneprodukter,"Str.6 13-20kg, 20 stk",Libero Touch,"kr 62,60",Bleier,"kr 3,13 per stk"
Barneprodukter,"Str.7 16-26kg, 18 stk",Libero Touch,"kr 73,80",Bleier,"kr 4,10 per stk"
Barneprodukter,"7-11 kg, 26 stk",Comfort Str 4,"kr 62,60",Bleier,"kr 2,41 per stk"
Mel og bakeingredienser,1 kg,Protein- og Fibermel,"kr 25,90",Mel og sukker,"kr 25,90 per kg"
Mel og bakeingredienser,550 g,Semulegryn,"kr 14,20",Mel og sukker,"kr 25,82 per kg"
Mel og bakeingredienser,"Lys, 262 g",Glutenfri Melblanding,"kr 37,80",Mel og sukker,"kr 144,27 per kg"
Mel og bakeingredienser,"Grov, 406 g",Glutenfri Melblanding,"kr 39,00",Mel og sukker,"kr 96,06 per kg"
Mel og bakeingredienser,250 g,Maizena Jevner Brun,"kr 28,40",Mel og sukker,"kr 113,60 per kg"
Mel og bakeingredienser,250 g,Jevner Lys,"kr 26,20",Mel og sukker,"kr 104,80 per kg"
Mel og bakeingredienser,400 g,Maizena Maisstivelse,"kr 24,60",Mel og sukker,"kr 61,50 per kg"
Mel og bakeingredienser,500 g,Glutenfri Brødmix,"kr 37,30",Mel og sukker,"kr 74,60 per kg"
Frukt og grønt,325 g,Gresskarkjerner,"kr 75,10","Frø, nøtter og tørket frukt","kr 231,08 per kg"
Frukt og grønt,"Økologisk, 100 g",Kokosflak,"kr 23,10","Frø, nøtter og tørket frukt","kr 231,00 per kg"
Frukt og grønt,"Usaltet, 150 g",Cashewnøtter Økologisk,"kr 67,50","Frø, nøtter og tørket frukt","kr 450,00 per kg"
Frukt og grønt,350 g,Linfrø Knuste,"kr 33,90","Frø, nøtter og tørket frukt","kr 96,86 per kg"
Frukt og grønt,1 kg,Solsikkefrø,"kr 28,10","Frø, nøtter og tørket frukt","kr 28,10 per kg"
Frukt og grønt,250 g,Kokosmasse,"kr 19,30","Frø, nøtter og tørket frukt","kr 77,20 per kg"
Frukt og grønt,250 g,Mandler,"kr 35,20","Frø, nøtter og tørket frukt","kr 140,80 per kg"
Mel og bakeingredienser,"4 kammer, 83 g",Kakepynt Black & Gold,"kr 58,90",Baketilbehør,"kr 709,64 per kg"
Mel og bakeingredienser,120 g,Sjokoladestrøssel 4 Kammer,"kr 58,00",Baketilbehør,"kr 483,33 per kg"
Mel og bakeingredienser,125 g,Pynteglasur Rød,"kr 33,40",Baketilbehør,"kr 267,20 per kg"
Mel og bakeingredienser,125 g,Pynteglasur Grønn,"kr 33,40",Baketilbehør,"kr 267,20 per kg"
Mel og bakeingredienser,"Konsentrert, 15 g",Rød Geléfarge,"kr 20,70",Baketilbehør,"kr 1380,00 per kg"
Mel og bakeingredienser,"Konsentrert, 15 g",Lilla Geléfarge,"kr 20,70",Baketilbehør,"kr 1380,00 per kg"
Mel og bakeingredienser,"Konsentrert, 15 g",Gul Geléfarge,"kr 20,70",Baketilbehør,"kr 1380,00 per kg"
Pizza og taco,150 g,Tortilla Bowls Chips,"kr 35,90",Taco,"kr 239,33 per kg"
Pizza og taco,185 g,Tortilla Strips Cheese,"kr 33,80",Taco,"kr 182,70 per kg"
Pizza og taco,"10 Cm, 20 stk",Tortilla av Mais,"kr 41,50",Taco,"kr 166,00 per kg"
Pizza og taco,8 stk ca 20 cm,Tortillas Hvete,"kr 13,60",Taco,"kr 42,50 per kg"
Pizza og taco,"Taste Lab, 150 g",Dip Mild Guacamole,"kr 25,00",Taco,"kr 166,67 per kg"
Pizza og taco,300 g,Lettrømme 10%,"kr 17,80",Taco,"kr 59,33 per kg"
Pizza og taco,250 g,Dip Tex Mex Style,"kr 39,80",Taco,"kr 159,20 per kg"
Pizza og taco,250 g,Dip Nacho Cheese Style,"kr 38,10",Taco,"kr 152,40 per kg"
Sminke og skjønnhet,1 stk,Paradise Extatic Primer White,"kr 144,60",Mascara,"kr 144,60 per stk"
Sminke og skjønnhet,1 stk,Snapscara HD Black,"kr 144,60",Mascara,"kr 144,60 per stk"
Sminke og skjønnhet,1 stk,Telescopic False Lash Mascara mag.Black,"kr 186,20",Mascara,"kr 186,20 per stk"
Sminke og skjønnhet,1 stk,Telescopic Mascara Black,"kr 186,20",Mascara,"kr 186,20 per stk"
Sminke og skjønnhet,1 stk,Total Temptation Black,"kr 155,00",Mascara,"kr 155,00 per stk"
Sminke og skjønnhet,1 stk,Total Temptation Black Waterproof,"kr 155,00",Mascara,"kr 155,00 per stk"
Sminke og skjønnhet,1 stk,Unlimited Mascara Black,"kr 186,20",Mascara,"kr 186,20 per stk"
Sminke og skjønnhet,1 stk,Unlimited Mascara Very Different Waterproof,"kr 175,80",Mascara,"kr 175,80 per stk"
Tørkepapir og vaskemidler,"Spray, 500 ml",Ovn & Grill,"kr 58,40",Vaskemidler,"kr 116,80 per l"
Tørkepapir og vaskemidler,595 ml,Allrent Frisk Duft,"kr 32,60",Vaskemidler,"kr 54,79 per l"
Tørkepapir og vaskemidler,"Baderom, 10 stk",Engangsvåtmopp,"kr 89,90",Vaskemidler,"kr 8,99 per stk"
Tørkepapir og vaskemidler,"Allrent, 10 stk",Engangsvåtmopp,"kr 94,90",Vaskemidler,"kr 9,49 per stk"
Tørkepapir og vaskemidler,"Krystal, 10 stk",Engangsvåtmopp,"kr 89,80",Vaskemidler,"kr 8,98 per stk"
Tørkepapir og vaskemidler,595 ml,Allrent Sitron,"kr 32,60",Vaskemidler,"kr 54,79 per l"
Tørkepapir og vaskemidler,750 ml,Krystal Furunål,"kr 19,90",Vaskemidler,"kr 26,53 per l"
Middager og tilbehør,100 g,Døgnvill Chilisaus,"kr 19,90",Middagstilbehør,"kr 199,00 per kg"
Middager og tilbehør,200 g,Døgnvill Coleslaw,"kr 24,90",Middagstilbehør,"kr 124,50 per kg"
Middager og tilbehør,100 g,Døgnvill BBQ saus,"kr 19,90",Middagstilbehør,"kr 199,00 per kg"
Middager og tilbehør,200 g,Døgnvill Majones,"kr 19,90",Middagstilbehør,"kr 99,50 per kg"
Middager og tilbehør,100 g,Døgnvill Chipotle Mayo,"kr 19,90",Middagstilbehør,"kr 199,00 per kg"
Middager og tilbehør,"Glutenfritt Hamburgerbrød, 2-pak, 1 stk",Glutenfritt Hamburgerbrød,"kr 44,90",Middagstilbehør,"kr 44,90 per stk"
Middager og tilbehør,4 stk,Døgnvill Burgerbrød,"kr 29,90",Middagstilbehør,"kr 83,06 per kg"
Middager og tilbehør,500 g,Søtpotet Fries,"kr 33,10",Middagstilbehør,"kr 66,20 per kg"
Middager og tilbehør,"Med Bønner Og Oliven, 300 g",Grønnere Middag,"kr 32,80",Middagstilbehør,"kr 109,33 per kg"
Barneprodukter,6 stk,Tekstilmerkepenn,"kr 59,90",Nyttig til barn,"kr 9,98 per stk"
Barneprodukter,"For barn, Rosa, 1 stk",Trådløst headsett,"kr 499,90",Nyttig til barn,"kr 499,90 per stk"
Barneprodukter,"For barn, Blå, 1 stk",Trådløst headsett,"kr 499,90",Nyttig til barn,"kr 499,90 per stk"
Barneprodukter,"SCD 506, 1 stk",Babycall,"kr 998,00",Nyttig til barn,"kr 998,00 per stk"
Barneprodukter,6 stk,Skap og Skufflås,"kr 79,90",Nyttig til barn,"kr 13,32 per stk"
Barneprodukter,8 stk,Kopper Blå,"kr 45,30",Bursdag,"kr 5,66 per stk"
Barneprodukter,"250 ml, 8 stk",Pappkopp Ballonger,"kr 17,00",Bursdag,"kr 2,13 per stk"
Barneprodukter,"250 ml, 8 stk",Pappkopp,"kr 17,00",Bursdag,"kr 2,13 per stk"
Barneprodukter,"22 cm, 8 stk",Papptallerken Bursdag Assortert,"kr 22,60",Bursdag,"kr 2,83 per stk"
Barneprodukter,"22 cm, 8 stk",Papptallerken,"kr 22,60",Bursdag,"kr 2,83 per stk"
Barneprodukter,8 stk,Stor Tallerken Blå,"kr 56,60",Bursdag,"kr 7,08 per stk"
Barneprodukter,8 stk,Liten Tallerken Blå,"kr 46,30",Bursdag,"kr 5,79 per stk"
Is og desserter,"0,9 l",Royal Trippel Karamell,"kr 75,10",Is i boks,"kr 83,44 per l"
Is og desserter,"0,9 l",Royal Pistasj & Sjokolade,"kr 83,80",Is i boks,"kr 93,11 per l"
Is og desserter,"0,9 l",Royal Sjokolade,"kr 81,90",Is i boks,"kr 91,00 per l"
Is og desserter,"0,9 l",Royal Skogsbær & Sjokolade,"kr 81,90",Is i boks,"kr 91,00 per l"
Is og desserter,"0,9 l",Royal Crème Brûlée,"kr 68,40",Is i boks,"kr 76,00 per l"
Is og desserter,"0,47 l",Sea Salt Caramel,"kr 83,10",Is i boks,"kr 176,81 per l"
Is og desserter,"0,47 l",Peanut Butter Cup,"kr 83,10",Is i boks,"kr 176,81 per l"
Is og desserter,"0,47 l",Candy Bar,"kr 83,10",Is i boks,"kr 176,81 per l"
Is og desserter,"0,47 l",Chocolate Chip Cookie Dough,"kr 83,10",Is i boks,"kr 176,81 per l"
Varme drikker,20 stk,Green Collection,"kr 59,80",Urte-te og frukt-te,"kr 2,99 per stk"
Varme drikker,20 stk,Wild Apple & Cinnamon,"kr 62,30",Urte-te og frukt-te,"kr 3,12 per stk"
Varme drikker,20 stk,Blackcurrant Beauty,"kr 62,20",Urte-te og frukt-te,"kr 3,11 per stk"
Varme drikker,20 stk,Original Chai,"kr 62,30",Urte-te og frukt-te,"kr 3,12 per stk"
Varme drikker,20 stk,Herbal Collection,"kr 59,80",Urte-te og frukt-te,"kr 2,99 per stk"
Varme drikker,20 stk,Elderberry & Echinacea Tea,"kr 59,80",Urte-te og frukt-te,"kr 2,99 per stk"
Varme drikker,20 stk,Feel New,"kr 62,30",Urte-te og frukt-te,"kr 3,12 per stk"
Varme drikker,20 stk,Day to Night Collection box,"kr 62,30",Urte-te og frukt-te,"kr 3,12 per stk"
Fisk og sjømat,"Med Skinn, 4 stk",Frossen Ørret i Lenke,"kr 72,10",Frossen fisk og sjømat,"kr 144,20 per kg"
Fisk og sjømat,"Utvannet, 400 g",Klippfisk Loin Uten Skinn og Bein,"kr 124,90",Frossen fisk og sjømat,"kr 312,25 per kg"
Pålegg,268 g,Vegan Mayo,"kr 41,50",Majones og tubepålegg,"kr 154,85 per kg"
Pålegg,250 ml,Hvitløksmajones,"kr 39,40",Majones og tubepålegg,"kr 157,60 per l"
Pålegg,250 ml,Chili Majones,"kr 39,40",Majones og tubepålegg,"kr 157,60 per l"
Pålegg,245 g,Kaviar,"kr 29,70",Majones og tubepålegg,"kr 121,22 per kg"
Pålegg,185 g,Kaviar Tube,"kr 20,80",Majones og tubepålegg,"kr 112,43 per kg"
Pålegg,"Tube, 175 g",Kaviarmix,"kr 28,30",Majones og tubepålegg,"kr 161,71 per kg"
Pålegg,190 g,Kaviar 60%,"kr 20,80",Majones og tubepålegg,"kr 109,47 per kg"
Pålegg,185 g,Kaviar,"kr 12,60",Majones og tubepålegg,"kr 68,11 per kg"
Pålegg,180 g,Polarkaviar,"kr 25,40",Majones og tubepålegg,"kr 141,11 per kg"
Pålegg,"Økologisk, Vegetar, 200 g",Tartex Postei Naturell,"kr 57,50",Majones og tubepålegg,"kr 287,50 per kg"
"Kaker, kjeks og desserter","Frokostkjeks, 240 g",Kornmo 7,"kr 41,80",Kjeks,"kr 174,17 per kg"
"Kaker, kjeks og desserter",120 g,Kornmo Saltkjeks,,Kjeks,"kr 177,33 per kg"
"Kaker, kjeks og desserter",200 g,Kornmo Fullkornscookie Sjokolade,"kr 42,40",Kjeks,"kr 212,00 per kg"
"Kaker, kjeks og desserter",200 g,Kornmo Fullkornscookie Tranbær,"kr 45,80",Kjeks,"kr 229,00 per kg"
"Kaker, kjeks og desserter",200 g,Cafe Bakeriet Sjokoladetrio,"kr 48,90",Kjeks,"kr 244,50 per kg"
"Kaker, kjeks og desserter","Kvede, Pekannøtter & Valmuefrø, 100 g",Minitoast m/Kvede,"kr 73,80",Kjeks,"kr 738,00 per kg"
"Kaker, kjeks og desserter","Kirsebær, Mandler og Linfrø, 100 g",Minitoast m/Kirsebær,"kr 73,80",Kjeks,"kr 738,00 per kg"
Kjøtt og kylling,"100% Grass fed, 200 g",Pampas Ytrefilet,"kr 104,90",Storfe,"kr 524,50 per kg"
Kjøtt og kylling,400 g,Konge Entrecote,"kr 99,00",Storfe,"kr 247,50 per kg"
Kjøtt og kylling,ca. 400 g,Storfe Entrecote,"kr 174,40",Storfe,"kr 436,00 per kg"
Kjøtt og kylling,ca. 390 g,Storfe Pepperbiff,"kr 175,80",Storfe,"kr 450,77 per kg"
Kjøtt og kylling,ca. 365 g,Storfe Mørbradbiff,"kr 137,20",Storfe,"kr 375,89 per kg"
Kjøtt og kylling,300 g,Storfe Biffstrimler,"kr 66,10",Storfe,"kr 220,33 per kg"
Kjøtt og kylling,"Prima, ca. 250 g",Indrefilet av Storfe i Skiver,"kr 119,90",Storfe,"kr 479,60 per kg"
Mel og bakeingredienser,"Glutenfri, 250 g",Fiberbrød,"kr 54,80",Ferdigmikser,"kr 219,20 per kg"
Mel og bakeingredienser,130 g,Dessert Creme Brulee,"kr 41,80",Ferdigmikser,"kr 321,54 per kg"
Mel og bakeingredienser,84 g,Dessert Panna Cotta,"kr 36,00",Ferdigmikser,"kr 428,57 per kg"
Mel og bakeingredienser,"Til Ostekrem, 126 g",Toro Glasurmiks,"kr 19,80",Ferdigmikser,"kr 157,14 per kg"
Mel og bakeingredienser,396 g,Toro Gulrotkake,"kr 36,80",Ferdigmikser,"kr 92,93 per kg"
Mel og bakeingredienser,"1,11 kg",Langpanne Sjokoladekake,"kr 91,50",Ferdigmikser,"kr 82,43 per kg"
Mel og bakeingredienser,85 g,Sitronfromasj,"kr 19,40",Ferdigmikser,"kr 228,24 per kg"
Mel og bakeingredienser,"Glutenfrie, 405 g",Grove Rundstykker,"kr 42,40",Ferdigmikser,"kr 104,69 per kg"
Pålegg,100 g,Røkt Kalkunbryst,"kr 36,30",Kjøtt- og kyllingpålegg,"kr 363,00 per kg"
Pålegg,100 g,Kyllingpastrami,"kr 31,10",Kjøtt- og kyllingpålegg,"kr 311,00 per kg"
Pålegg,100 g,Urtemarinert Kalkunbryst,"kr 36,30",Kjøtt- og kyllingpålegg,"kr 363,00 per kg"
Pålegg,200 g,Mortadella i Skiver,"kr 69,90",Kjøtt- og kyllingpålegg,"kr 349,50 per kg"
Pålegg,200 g,Kalkunskinke Skivet,"kr 91,60",Kjøtt- og kyllingpålegg,"kr 458,00 per kg"
Barneprodukter,1 stk,Tegneblokk FSC A4 50 ark,"kr 49,90",Leker og aktiviteter for barn,"kr 49,90 per stk"
Barneprodukter,24 stk,Fargeblyanter FSC,"kr 99,90",Leker og aktiviteter for barn,"kr 4,16 per stk"
Barneprodukter,"Transparent, 1 stk",Limpatroner 7x100mm,"kr 39,90",Leker og aktiviteter for barn,"kr 39,90 per stk"
Barneprodukter,1 stk,Limpistol grå,"kr 69,90",Leker og aktiviteter for barn,"kr 69,90 per stk"
Barneprodukter,"For barn, Rosa, 1 stk",Trådløst headsett,"kr 499,90",Leker og aktiviteter for barn,"kr 499,90 per stk"
Barneprodukter,"For barn, Blå, 1 stk",Trådløst headsett,"kr 499,90",Leker og aktiviteter for barn,"kr 499,90 per stk"
Asiatisk,150 ml,Fish Sauce,"kr 34,60",Soyasaus og chilisaus,"kr 230,67 per l"
Asiatisk,300 ml,Teriyaki Sauce,"kr 49,70",Soyasaus og chilisaus,"kr 165,67 per l"
Asiatisk,200 ml,Oyster Sauce,"kr 33,90",Soyasaus og chilisaus,"kr 169,50 per l"
Asiatisk,150 ml,Oyster Sauce 150ml,"kr 30,10",Soyasaus og chilisaus,"kr 200,67 per l"
Asiatisk,150 ml,Tamari Soyasaus,"kr 65,40",Soyasaus og chilisaus,"kr 436,00 per l"
Frukt og grønt,425 g,Nora Tomatbønner,"kr 13,40",Hermetisert frukt og grønt,"kr 31,53 per kg"
Frukt og grønt,420 g,Bønner I Tomatsaus,"kr 9,60",Hermetisert frukt og grønt,"kr 22,86 per kg"
Frukt og grønt,280 g,Hvitløk i Urter,"kr 25,80",Hermetisert frukt og grønt,"kr 92,14 per kg"
Frukt og grønt,370 g,Sølvløk,"kr 24,20",Hermetisert frukt og grønt,"kr 65,41 per kg"
Frukt og grønt,850 g,Agurker Skivede,"kr 39,20",Hermetisert frukt og grønt,"kr 46,12 per kg"
Asiatisk,350 g,Tikka Masala Saus,"kr 33,10",Indisk,"kr 94,57 per kg"
Asiatisk,450 g,Tikka Masala Saus,"kr 29,40",Indisk,"kr 65,33 per kg"
Asiatisk,210 g,Sweet Mango Chutney,"kr 25,80",Indisk,"kr 122,86 per kg"
Asiatisk,"Orginal, 350 g",Mango Chutney,"kr 25,40",Indisk,"kr 72,57 per kg"
Asiatisk,110 g,Red Curry Paste,"kr 27,60",Indisk,"kr 250,91 per kg"
Asiatisk,100 g,Glassnudler,"kr 29,80",Ris og nudler,"kr 298,00 per kg"
Asiatisk,"Økologisk, 200 g",Hvetenudler Fullkorn,"kr 48,70",Ris og nudler,"kr 243,50 per kg"
Asiatisk,2 kg,Jasminris,"kr 44,90",Ris og nudler,"kr 22,45 per kg"
Asiatisk,4 kg,Jasminris,"kr 49,90",Ris og nudler,"kr 12,48 per kg"
Asiatisk,2 kg,Middagsris Ståpose,"kr 29,80",Ris og nudler,"kr 14,90 per kg"
Asiatisk,"Økologisk, 700 g",Basmatiris,"kr 88,30",Ris og nudler,"kr 126,14 per kg"
Barneprodukter,"10-14 kg, 24 stk",Comfort Str 5,"kr 62,60",Bleier,"kr 2,61 per stk"
Barneprodukter,"13-20 kg, 22 stk",Comfort Str 6,"kr 62,60",Bleier,"kr 2,85 per stk"
Barneprodukter,"Str.5 10-14kg, 22 stk",Libero Up&Go,"kr 60,80",Bleier,"kr 2,76 per stk"
Barneprodukter,"Str.6 13-20kg, 20 stk",Libero Up&Go,"kr 60,80",Bleier,"kr 3,04 per stk"
Barneprodukter,"Str.7 16-26kg, 18 stk",Libero Up&Go,"kr 60,80",Bleier,"kr 3,38 per stk"
Mel og bakeingredienser,500 g,Glutenfri Brødmix Med Fiber,"kr 43,80",Mel og sukker,"kr 87,60 per kg"
Mel og bakeingredienser,70 g,Natreen Strø,"kr 41,60",Mel og sukker,"kr 594,29 per kg"
Mel og bakeingredienser,500 stk,Natreen Tabletter,"kr 29,40",Mel og sukker,"kr 0,06 per stk"
Mel og bakeingredienser,125 ml,Søtningsmiddel Flytende,"kr 40,90",Mel og sukker,"kr 327,20 per l"
Mel og bakeingredienser,"Naturlig Søtstoff, 500 g",Sukrin Naturlig,"kr 85,90",Mel og sukker,"kr 171,80 per kg"
Mel og bakeingredienser,"Naturlig Søtstoff, 400 g",Sukrin Melis,"kr 69,80",Mel og sukker,"kr 174,50 per kg"
Mel og bakeingredienser,"Naturlig Søtstoff, 500 g",Sukrin Gold,"kr 89,80",Mel og sukker,"kr 179,60 per kg"
Frukt og grønt,500 g,Tørkede Erter Gule,"kr 11,80","Frø, nøtter og tørket frukt","kr 23,60 per kg"
Frukt og grønt,500 g,Tørkede Erter Grønne,"kr 11,80","Frø, nøtter og tørket frukt","kr 23,60 per kg"
Frukt og grønt,260 g,Tørket Tranebær,"kr 42,20","Frø, nøtter og tørket frukt","kr 162,31 per kg"
Frukt og grønt,"Røstet & Saltet, 300 g",Peanøtter,"kr 32,80","Frø, nøtter og tørket frukt","kr 109,33 per kg"
Frukt og grønt,"Økologisk, 150 g",Hasselnøtter,"kr 75,70","Frø, nøtter og tørket frukt","kr 504,67 per kg"
Frukt og grønt,250 g,Økologiske Rosiner,"kr 27,90","Frø, nøtter og tørket frukt","kr 111,60 per kg"
Mel og bakeingredienser,"Konsentrert, 15 g",Blå Geléfarge,"kr 20,70",Baketilbehør,"kr 1380,00 per kg"
Mel og bakeingredienser,"Konsentrert, 15 g",Oransje Geléfarge,"kr 20,70",Baketilbehør,"kr 1380,00 per kg"
Mel og bakeingredienser,"Konsentrert, 15 g",Grønn Geléfarge,"kr 20,70",Baketilbehør,"kr 1380,00 per kg"
Mel og bakeingredienser,"Konsentrert, 15 g",Sort Geléfarge,"kr 20,70",Baketilbehør,"kr 1380,00 per kg"
Mel og bakeingredienser,"Konsentrert, 15 g",Rosa Geléfarge,"kr 20,70",Baketilbehør,"kr 1380,00 per kg"
Pizza og taco,"Økologisk, 240 g",Salsa Sterk Chili & Hvitløk,"kr 39,80",Taco,"kr 165,83 per kg"
Pizza og taco,"Økologisk, 150 g",Tacokrydder,"kr 34,80",Taco,"kr 232,00 per kg"
Pizza og taco,"Økologisk, 70 g",Tacokrydder,"kr 46,10",Taco,"kr 658,57 per kg"
Pizza og taco,40 g,Taco Spice Mix Mild,"kr 10,90",Taco,"kr 272,50 per kg"
Tørkepapir og vaskemidler,"1,5 l",Grønnsåpe,"kr 16,90",Vaskemidler,"kr 11,27 per l"
Tørkepapir og vaskemidler,1 l,Universalrengjøring Sitron,"kr 26,60",Vaskemidler,"kr 26,60 per l"
Tørkepapir og vaskemidler,750 ml,Salmi rengjøring,"kr 26,40",Vaskemidler,"kr 35,20 per l"
Tørkepapir og vaskemidler,"Uten klor, 750 ml",Jif WC Power Gel,"kr 35,60",Vaskemidler,"kr 47,47 per l"
Tørkepapir og vaskemidler,"1,5 l",Salmiakk,"kr 23,80",Vaskemidler,"kr 15,87 per l"
Tørkepapir og vaskemidler,"1,5 l",Prima Klor,"kr 13,90",Vaskemidler,"kr 9,27 per l"
Tørkepapir og vaskemidler,"Flytende, 595 ml",Avløpsåpner,"kr 66,40",Vaskemidler,"kr 111,60 per l"
Tørkepapir og vaskemidler,"Avløpsåpner, 550 g",Heavy Gel,"kr 84,90",Vaskemidler,"kr 154,36 per kg"
Middager og tilbehør,"Med Bygg Og Bønner, 300 g",Grønnere Middag,"kr 32,70",Middagstilbehør,"kr 109,00 per kg"
Middager og tilbehør,500 g,Potetsalat,"kr 29,20",Middagstilbehør,"kr 58,40 per kg"
Middager og tilbehør,113 g,Gratinerte Poteter Med Ost,"kr 24,80",Middagstilbehør,"kr 219,47 per kg"
Middager og tilbehør,90 g,Potetstappe Klassisk,"kr 22,20",Middagstilbehør,"kr 246,67 per kg"
Middager og tilbehør,"Hjemmelaget, 450 g",Potetstappe,"kr 41,40",Middagstilbehør,"kr 92,00 per kg"
Middager og tilbehør,"Norge/ Danmark, 500 g",Potetmos,"kr 34,90",Middagstilbehør,"kr 69,80 per kg"
Middager og tilbehør,90 g,Potetmos Med Gressløk,"kr 15,60",Middagstilbehør,"kr 173,33 per kg"
Barneprodukter,8 stk,Liten Tallerken Rosa,"kr 46,30",Bursdag,"kr 5,79 per stk"
Barneprodukter,8 stk,Invitasjonskort,"kr 24,90",Bursdag,"kr 3,11 per stk"
Barneprodukter,10 stk,Ballonger,"kr 13,20",Bursdag,"kr 1,32 per stk"
Barneprodukter,"19,5 cm, 20 stk",Papirsugerør,"kr 13,20",Bursdag,"kr 0,66 per stk"
Barneprodukter,8 stk,Godtepose,"kr 19,30",Bursdag,"kr 2,41 per stk"
Barneprodukter,8 stk,Godteposer Blå,"kr 57,50",Bursdag,"kr 7,19 per stk"
Is og desserter,"0,9 l",Maple Walnut,"kr 118,90",Is i boks,"kr 132,11 per l"
Is og desserter,"0,9 l",Vanilla Dream,"kr 118,90",Is i boks,"kr 132,11 per l"
Is og desserter,"0,9 l",Caramelita,"kr 123,90",Is i boks,"kr 137,67 per l"
Is og desserter,"0,9 l",Swiss Chocolate,"kr 118,90",Is i boks,"kr 132,11 per l"
Is og desserter,"0,5 l",Sjokolade-Iskrem,"kr 63,70",Is i boks,"kr 127,40 per l"
Is og desserter,"0,5 l",Cookies & Vanilje-Iskrem,"kr 63,70",Is i boks,"kr 127,40 per l"
Is og desserter,"0,5 l",Vanilje-Iskrem,"kr 63,70",Is i boks,"kr 127,40 per l"
Is og desserter,"0,5 l",Kaffe Mocca Iskrem,"kr 63,70",Is i boks,"kr 127,40 per l"
Is og desserter,"0,5 l",Lakris-Iskrem,"kr 63,70",Is i boks,"kr 127,40 per l"
Varme drikker,20 stk,Night Time Tea,"kr 59,80",Urte-te og frukt-te,"kr 2,99 per stk"
Varme drikker,"Chamomile & Lavender Tea, 20 stk",Love Rose Tea,"kr 63,40",Urte-te og frukt-te,"kr 3,17 per stk"
Varme drikker,24 stk,Nypete Urtete,"kr 38,10",Urte-te og frukt-te,"kr 1,59 per stk"
Varme drikker,"Infuso, 20 stk",Ginger Chai,"kr 75,40",Urte-te og frukt-te,"kr 3,77 per stk"
Varme drikker,"Infuso, 20 stk",Blackcurrant & Blueberry,"kr 64,40",Urte-te og frukt-te,"kr 3,22 per stk"
Varme drikker,"Infuso, 20 stk","Ginger, Mango & Moringa","kr 64,40",Urte-te og frukt-te,"kr 3,22 per stk"
Varme drikker,"Infuso, 20 stk",Raspberry & Pomegranat-te,"kr 68,80",Urte-te og frukt-te,"kr 3,44 per stk"
Pålegg,375 g,Majones,"kr 16,10",Majones og tubepålegg,"kr 42,93 per kg"
Pålegg,375 g,"Majones, Lett","kr 15,70",Majones og tubepålegg,"kr 41,87 per kg"
Pålegg,230 ml,Aioli Kremet,"kr 34,40",Majones og tubepålegg,"kr 149,57 per l"
Pålegg,230 ml,Eriks Aioli Med Lime,"kr 37,40",Majones og tubepålegg,"kr 162,61 per l"
Pålegg,250 g,Aioli,"kr 15,00",Majones og tubepålegg,"kr 60,00 per kg"
Pålegg,175 g,Cheez Dippers Original,"kr 42,20",Majones og tubepålegg,"kr 241,14 per kg"
Pålegg,"i Matboksen, 60 g",Kavli Baconost,"kr 13,80",Majones og tubepålegg,"kr 230,00 per kg"
Pålegg,"Minitube, 60 g",Kavli Skinkeost,"kr 14,40",Majones og tubepålegg,"kr 240,00 per kg"
"Kaker, kjeks og desserter","Aprikos, Nøtter & Solsikkefrø, 100 g",Minitoast m/Aprikos,"kr 73,80",Kjeks,"kr 738,00 per kg"
"Kaker, kjeks og desserter","Dadler, Nøtter & Gresskarfrø, 100 g",Minitoast m/Dadler,"kr 73,80",Kjeks,"kr 738,00 per kg"
"Kaker, kjeks og desserter",175 g,Tom & Jerry,"kr 29,90",Kjeks,"kr 170,86 per kg"
"Kaker, kjeks og desserter","Sjokolade, 200 g",Bixit,"kr 23,40",Kjeks,"kr 117,00 per kg"
"Kaker, kjeks og desserter",300 g,Bixit Orginal,"kr 20,20",Kjeks,"kr 67,33 per kg"
"Kaker, kjeks og desserter","4 stk, 120 g",Bixit Havrebar Mandel,"kr 43,40",Kjeks,"kr 361,67 per kg"
"Kaker, kjeks og desserter",205 g,Ballerina Melkesjokolade,"kr 30,60",Kjeks,"kr 149,27 per kg"
"Kaker, kjeks og desserter","Original, 220 g",Gjende,"kr 27,20",Kjeks,"kr 123,64 per kg"
"Kaker, kjeks og desserter",183 g,Gjende Sjokolade,"kr 40,60",Kjeks,"kr 221,86 per kg"
Kjøtt og kylling,"Prima, ca. 200 g",Mørbradbiff av Storfe i Skiver,"kr 42,40",Storfe,"kr 212,00 per kg"
Kjøtt og kylling,"Prima, ca. 200 g",Ytrefilet av Storfe i Skiver,"kr 43,90",Storfe,"kr 219,50 per kg"
Mel og bakeingredienser,"Glutenfri, 0,3 kg",Pizzabunn,"kr 32,80",Ferdigmikser,"kr 109,33 per kg"
Mel og bakeingredienser,"Glutenfri, 540 g",Toro Brownies,"kr 46,40",Ferdigmikser,"kr 85,93 per kg"
Mel og bakeingredienser,"Glutenfri, 187 g",Toro Pannekaker,"kr 31,80",Ferdigmikser,"kr 170,05 per kg"
Mel og bakeingredienser,"Glutenfri, 414 g",Grovbrød med Havre,"kr 33,80",Ferdigmikser,"kr 81,64 per kg"
Mel og bakeingredienser,"Glutenfri, 600 g",Økologisk Lys Bakemiks,"kr 57,10",Ferdigmikser,"kr 95,17 per kg"
Mel og bakeingredienser,"Glutenfri, 600 g",Økologisk Mørk Bakemiks,"kr 57,10",Ferdigmikser,"kr 95,17 per kg"
Pålegg,200 g,Økologisk Provenceskinke Skivet,"kr 99,00",Kjøtt- og kyllingpålegg,"kr 495,00 per kg"
Pålegg,200 g,Røkt Skinke,"kr 100,90",Kjøtt- og kyllingpålegg,"kr 504,50 per kg"
Pålegg,200 g,Vikingskinke i Skiver,"kr 91,60",Kjøtt- og kyllingpålegg,"kr 458,00 per kg"
Pålegg,200 g,Salami Skivet,"kr 105,60",Kjøtt- og kyllingpålegg,"kr 528,00 per kg"
Pålegg,"I Skiver, 200 g",Spekeskinke,"kr 119,00",Kjøtt- og kyllingpålegg,"kr 595,00 per kg"
Pålegg,120 g,Bøkerøkt Skinke,"kr 39,80",Kjøtt- og kyllingpålegg,"kr 331,67 per kg"
Pålegg,100 g,Hawaiifilet,"kr 36,80",Kjøtt- og kyllingpålegg,"kr 368,00 per kg"
Pålegg,100 g,Løvskåret Pepperskinke,"kr 34,20",Kjøtt- og kyllingpålegg,"kr 342,00 per kg"
Pålegg,100 g,Provencefilet,"kr 32,20",Kjøtt- og kyllingpålegg,"kr 322,00 per kg"
Barneprodukter,"24 gaver, 1 stk",Forskerfabrikkens Julekalender 2020,"kr 1499,00",Leker og aktiviteter for barn,"kr 1499,00 per stk"
Asiatisk,190 ml,Teriyaki Dipping Sauce,"kr 51,90",Soyasaus og chilisaus,"kr 273,16 per l"
Asiatisk,250 ml,Poke Sauce,"kr 62,30",Soyasaus og chilisaus,"kr 249,20 per l"
Asiatisk,"0,13 l",Ketjap Manis,"kr 28,60",Soyasaus og chilisaus,"kr 220,00 per l"
Asiatisk,700 ml,Sweet Chili Saus,"kr 35,60",Soyasaus og chilisaus,"kr 50,86 per l"
Asiatisk,200 ml,Sweet Chili Sauce Ginger,"kr 23,80",Soyasaus og chilisaus,"kr 119,00 per l"
Asiatisk,190 g,Sweet Chilli og Ingefærsaus,"kr 42,20",Soyasaus og chilisaus,"kr 222,11 per kg"
Asiatisk,215 ml,Sriracha-Saus,"kr 28,80",Soyasaus og chilisaus,"kr 133,95 per l"
Asiatisk,250 g,Sriracha Mayo,"kr 39,90",Soyasaus og chilisaus,"kr 159,60 per kg"
Frukt og grønt,580 g,Pariseragurker,"kr 23,90",Hermetisert frukt og grønt,"kr 41,21 per kg"
Frukt og grønt,580 g,Agurker Hele,"kr 32,80",Hermetisert frukt og grønt,"kr 56,55 per kg"
Frukt og grønt,370 g,Agurkmiks,"kr 27,10",Hermetisert frukt og grønt,"kr 73,24 per kg"
Frukt og grønt,530 g,Sylteagurker,"kr 17,80",Hermetisert frukt og grønt,"kr 33,58 per kg"
Frukt og grønt,580 g,Rødbeter Skivede,"kr 23,80",Hermetisert frukt og grønt,"kr 41,03 per kg"
Frukt og grønt,"Økologisk, 290 g",Store Hvite Bønner,"kr 12,70",Hermetisert frukt og grønt,"kr 43,79 per kg"
Asiatisk,110 g,Grønn Curry Paste,"kr 27,60",Indisk,"kr 250,91 per kg"
Asiatisk,110 g,Yellow Curry Paste,"kr 47,40",Indisk,"kr 430,91 per kg"
Asiatisk,50 g,Green Curry Paste,"kr 26,30",Indisk,"kr 526,00 per kg"
Asiatisk,50 g,Red Curry Paste,"kr 26,30",Indisk,"kr 526,00 per kg"
Asiatisk,160 g,Tikka Masala Paste,"kr 37,80",Indisk,"kr 236,25 per kg"
Asiatisk,200 g,Nirus Tikka Masala Paste,"kr 54,90",Indisk,"kr 274,50 per kg"
Asiatisk,250 g,Nirus Mango & Lime Chutney,"kr 34,40",Indisk,"kr 137,60 per kg"
Asiatisk,250 g,Go-Tan Risnudler Miehoen,"kr 51,80",Ris og nudler,"kr 207,20 per kg"
Asiatisk,180 g,Rice Noodles,"kr 31,40",Ris og nudler,"kr 174,44 per kg"
Asiatisk,550 g,Økologisk Jasminris,"kr 23,80",Ris og nudler,"kr 43,27 per kg"
Asiatisk,200 g,Eggnudler,"kr 23,40",Ris og nudler,"kr 117,00 per kg"
Asiatisk,"8 x 125g, Boil-in-bag, 1 kg",Basmatiris Villris,"kr 77,80",Ris og nudler,"kr 77,80 per kg"
Asiatisk,550 g,Økologisk Brun Basmatiris,"kr 47,50",Ris og nudler,"kr 86,36 per kg"
Asiatisk,250 g,Fullkornsnudler,"kr 15,20",Ris og nudler,"kr 60,80 per kg"
Barneprodukter,"Str.8 19-30kg, 16 stk",Libero Up&Go,"kr 61,10",Bleier,"kr 3,82 per stk"
Barneprodukter,"Str.1 2-5kg, 22 stk",Pampers Premium Protection New baby,"kr 20,00",Bleier,"kr 0,91 per stk"
Barneprodukter,"Str.2 4-8kg, 31 stk",Pampers Premium Protection New baby,"kr 26,60",Bleier,"kr 0,86 per stk"
Barneprodukter,"Str.3 6-10kg, 50 stk",Bleie premium protection,"kr 95,60",Bleier,"kr 1,91 per stk"
Barneprodukter,"S4 9-14kg, 60 stk",Bleie Premium Protection,"kr 132,60",Bleier,"kr 2,21 per stk"
Barneprodukter,"S 5 11-16kg, 52 stk",Bleie premium protection,"kr 132,60",Bleier,"kr 2,55 per stk"
Barneprodukter,"S6 13-18kg, 46 stk",Bleie Premium Protection,"kr 132,60",Bleier,"kr 2,88 per stk"
Mel og bakeingredienser,500 g,Sirup Mørk,"kr 18,60",Mel og sukker,"kr 37,20 per kg"
Mel og bakeingredienser,500 g,Sirup Lys,"kr 19,90",Mel og sukker,"kr 39,80 per kg"
Mel og bakeingredienser,450 g,Maltextrakt,"kr 68,40",Mel og sukker,"kr 152,00 per kg"
Mel og bakeingredienser,"Økologisk, 236 ml",Lønnesirup Lys,"kr 99,80",Mel og sukker,"kr 422,88 per l"
Mel og bakeingredienser,"Økologisk, 189 ml",Lønnesirup,"kr 72,00",Mel og sukker,"kr 380,95 per l"
Mel og bakeingredienser,"Økologisk, 1 kg",Rårørsukker Lyst,"kr 89,80",Mel og sukker,"kr 89,80 per kg"
Mel og bakeingredienser,500 g,Rørsukker Strø Demerara,"kr 22,40",Mel og sukker,"kr 44,80 per kg"
Mel og bakeingredienser,"Glutenfri, 300 g",Fiberhusk Baketilsetning,"kr 154,90",Mel og sukker,"kr 516,33 per kg"
Frukt og grønt,"Nøtter & Sjokolade, 260 g",Turmiks,"kr 43,90","Frø, nøtter og tørket frukt","kr 168,85 per kg"
Frukt og grønt,880 g,Polly Peanøtter,"kr 114,20","Frø, nøtter og tørket frukt","kr 129,77 per kg"
Frukt og grønt,165 g,Polly Peanøtter,"kr 25,00","Frø, nøtter og tørket frukt","kr 151,52 per kg"
Frukt og grønt,60 g,Småsulten Nøtter & Bær,"kr 19,90","Frø, nøtter og tørket frukt","kr 331,67 per kg"
Frukt og grønt,60 g,Småsulten Nøtter & Frukt,"kr 20,60","Frø, nøtter og tørket frukt","kr 343,33 per kg"
Frukt og grønt,"Prima, 227 g",Svisker,"kr 17,90","Frø, nøtter og tørket frukt","kr 78,85 per kg"
Frukt og grønt,"Økologisk, 150 g",Aprikoser,"kr 52,80","Frø, nøtter og tørket frukt","kr 352,00 per kg"
Frukt og grønt,"Usaltet, 190 g",Blansjerte Hasselnøtter,"kr 52,80","Frø, nøtter og tørket frukt","kr 277,89 per kg"
Mel og bakeingredienser,19 g,Gold Writing Gel,"kr 21,80",Baketilbehør,"kr 1147,37 per kg"
Mel og bakeingredienser,"Gull, 4 g",Glitterspray,"kr 62,30",Baketilbehør,"kr 15575,00 per kg"
Mel og bakeingredienser,19 g,Silver Writing Gel,"kr 21,80",Baketilbehør,"kr 1147,37 per kg"
Mel og bakeingredienser,76 g,Writing Icing Decor,"kr 41,50",Baketilbehør,"kr 546,05 per kg"
Mel og bakeingredienser,120 g,Blandet Strøssel,"kr 36,90",Baketilbehør,"kr 307,50 per kg"
Mel og bakeingredienser,50 g,Rainbow Mix Strøssel,"kr 37,80",Baketilbehør,"kr 37,80 per stk"
Mel og bakeingredienser,50 g,Ocean Mix Strøssel,"kr 34,80",Baketilbehør,"kr 696,00 per kg"
Pizza og taco,28 g,Taco Spice Mix,"kr 9,60",Taco,"kr 342,86 per kg"
Pizza og taco,"Taste Lab, 30 g",Kryddermiks Kjøtt,"kr 5,50",Taco,"kr 183,33 per kg"
Pizza og taco,"8 stk, 145 g",Taco Trays,"kr 24,20",Taco,"kr 166,90 per kg"
Pizza og taco,40 g,Taco Spice Mix,"kr 10,30",Taco,"kr 257,50 per kg"
Pizza og taco,200 g,Nachochips Salt,"kr 13,90",Taco,"kr 69,50 per kg"
Pizza og taco,200 g,Tortillachips Ost,"kr 13,40",Taco,"kr 67,00 per kg"
Pizza og taco,200 g,Tortillachips Salt,"kr 13,20",Taco,"kr 66,00 per kg"
Pizza og taco,150 mm,El Yucateco Jalapeno Saus,"kr 48,80",Taco,"kr 325,33 per m"
Pizza og taco,"sterk, 165 g",Fersk Totensalsa hakket kvassere,"kr 32,90",Taco,"kr 199,39 per kg"
Tørkepapir og vaskemidler,"Pulver, 600 g",Plumbo,"kr 62,20",Vaskemidler,"kr 103,67 per kg"
Tørkepapir og vaskemidler,500 ml,Skurekrem Med Sitron,"kr 16,10",Vaskemidler,"kr 32,20 per l"
Tørkepapir og vaskemidler,"Sitron, 500 ml",Skurekrem,"kr 30,40",Vaskemidler,"kr 60,80 per l"
Tørkepapir og vaskemidler,500 ml,Skurekrem,"kr 36,90",Vaskemidler,"kr 73,80 per l"
Tørkepapir og vaskemidler,"Refill, 15 stk",Tørrmopp Støvmagnet,"kr 91,80",Vaskemidler,"kr 6,12 per stk"
Tørkepapir og vaskemidler,750 ml,Domestos Total Blast Citrus,"kr 34,40",Vaskemidler,"kr 45,87 per l"
Tørkepapir og vaskemidler,750 ml,Klorin Wc-Gel Med Klor,"kr 43,10",Vaskemidler,"kr 57,47 per l"
Middager og tilbehør,90 g,Potetmos Vanlig,"kr 12,10",Middagstilbehør,"kr 134,44 per kg"
Middager og tilbehør,85 g,Kålrabistappe,"kr 35,00",Middagstilbehør,"kr 411,76 per kg"
Middager og tilbehør,450 g,Kålstuing,"kr 46,80",Middagstilbehør,"kr 104,00 per kg"
Middager og tilbehør,"PS, 100 g",Sprøstekt Løk,"kr 10,60",Middagstilbehør,"kr 106,00 per kg"
Middager og tilbehør,"Glutenfri, 100 g",Sprøstekt Løk,"kr 18,20",Middagstilbehør,"kr 182,00 per kg"
Middager og tilbehør,100 g,Sprøstekt Løk,"kr 10,80",Middagstilbehør,"kr 108,00 per kg"
Middager og tilbehør,90 g,Sukkerkulør Flytende,"kr 15,80",Middagstilbehør,"kr 175,56 per kg"
Barneprodukter,8 stk,Godteposer Rosa,"kr 57,50",Bursdag,"kr 7,19 per stk"
Barneprodukter,24 stk,Sugerør Blå,"kr 45,30",Bursdag,"kr 1,89 per stk"
Barneprodukter,24 stk,Sugerør Rosa,"kr 45,30",Bursdag,"kr 1,89 per stk"
Barneprodukter,24 stk,Servietter Blå,"kr 46,30",Bursdag,"kr 1,93 per stk"
Barneprodukter,24 stk,Servietter Rosa,"kr 46,30",Bursdag,"kr 1,93 per stk"
Barneprodukter,2 m,Vimpelbanner i Papir,"kr 20,70",Bursdag,"kr 10,35 per m"
Barneprodukter,20 stk,Muffinsformer med Stickers,"kr 19,30",Bursdag,"kr 0,97 per stk"
Barneprodukter,"Hvit & Grå, 75 stk",Servietter Bordpakning,"kr 31,10",Bursdag,"kr 0,41 per stk"
Is og desserter,"0,5 l",Sorbet av Bringebær,"kr 63,70",Is i boks,"kr 127,40 per l"
Is og desserter,"0,5 l",Sorbet av Jordbær,"kr 76,40",Is i boks,"kr 152,80 per l"
Is og desserter,"0,5 l",Sorbet av Sitron,"kr 63,70",Is i boks,"kr 127,40 per l"
Is og desserter,"0,5 l",Sorbet av Mango,"kr 63,70",Is i boks,"kr 127,40 per l"
Is og desserter,"0,5 l",Sorbet av Kokos,"kr 70,90",Is i boks,"kr 141,80 per l"
Is og desserter,"0,5 l",Sorbet av Rabarbra,"kr 63,80",Is i boks,"kr 127,60 per l"
Is og desserter,"Avokado-basert, 0,5 l",Vegansk Sjokolade Iskrem,"kr 79,80",Is i boks,"kr 159,60 per l"
Is og desserter,465 ml,Chocolate Fudge Brownie Iskrem,"kr 87,90",Is i boks,"kr 189,03 per l"
Varme drikker,"Infuso, 20 stk",Strawberry & Mango-te,"kr 74,40",Urte-te og frukt-te,"kr 3,72 per stk"
Varme drikker,"Infuso, 20 stk","Kamille, Honning & Vanilje-te","kr 65,60",Urte-te og frukt-te,"kr 3,28 per stk"
Varme drikker,20 stk,Infuso Collection,"kr 66,70",Urte-te og frukt-te,"kr 3,34 per stk"
Varme drikker,25 stk,Grønn te Pasjonsfrukt & Jasmin,"kr 67,00",Urte-te og frukt-te,"kr 2,68 per stk"
Varme drikker,25 stk,Grønn te Mint,"kr 67,00",Urte-te og frukt-te,"kr 2,68 per stk"
Varme drikker,25 stk,Grønn te Sitron,"kr 67,00",Urte-te og frukt-te,"kr 2,68 per stk"
Varme drikker,25 stk,Rose Te,"kr 65,70",Urte-te og frukt-te,"kr 2,63 per stk"
Pålegg,175 g,Magerost Jalapeno,"kr 32,80",Majones og tubepålegg,"kr 187,43 per kg"
Pålegg,"Tube, 175 g",Smaksrik Chili Paprika,"kr 38,80",Majones og tubepålegg,"kr 221,71 per kg"
Pålegg,165 g,Norvegia Smøreost Med Bacon,"kr 29,80",Majones og tubepålegg,"kr 180,61 per kg"
Pålegg,100 g,Døgnvill Chipotle Mayo,"kr 19,90",Majones og tubepålegg,"kr 199,00 per kg"
Pålegg,200 g,Døgnvill Majones,"kr 19,90",Majones og tubepålegg,"kr 99,50 per kg"
Pålegg,165 g,Klemmeost Med Juicy Salami,"kr 29,90",Majones og tubepålegg,"kr 181,21 per kg"
Pålegg,165 g,Norvegia Smøreost Med Skinke,"kr 29,80",Majones og tubepålegg,"kr 180,61 per kg"
Pålegg,100 g,Døgnvill Aioli,"kr 19,90",Majones og tubepålegg,"kr 199,00 per kg"
"Kaker, kjeks og desserter",200 g,Mariekjeks,"kr 11,50",Kjeks,"kr 57,50 per kg"
"Kaker, kjeks og desserter",165 g,Sjokoringer,"kr 35,40",Kjeks,"kr 214,55 per kg"
"Kaker, kjeks og desserter",100 g,TUC Paprika,"kr 18,40",Kjeks,"kr 184,00 per kg"
"Kaker, kjeks og desserter",100 g,TUC Sour Cream & Onion,"kr 18,80",Kjeks,"kr 188,00 per kg"
"Kaker, kjeks og desserter",100 g,TUC Salt,"kr 18,40",Kjeks,"kr 184,00 per kg"
"Kaker, kjeks og desserter",100 g,TUC Sweet Chili,"kr 18,80",Kjeks,"kr 188,00 per kg"
"Kaker, kjeks og desserter",400 g,Digestive,"kr 32,80",Kjeks,"kr 82,00 per kg"
"Kaker, kjeks og desserter",400 g,Digestive Fullkorn,"kr 26,40",Kjeks,"kr 66,00 per kg"
"Kaker, kjeks og desserter",250 g,Gullvafler Vanilje,"kr 37,40",Kjeks,"kr 149,60 per kg"
"Kaker, kjeks og desserter",175 g,Gjende Eventyrkjeks,"kr 33,90",Kjeks,"kr 193,71 per kg"
Pålegg,100 g,Svinestek av Filet,"kr 30,20",Kjøtt- og kyllingpålegg,"kr 302,00 per kg"
Pålegg,100 g,Krydret Skinke,"kr 34,90",Kjøtt- og kyllingpålegg,"kr 349,00 per kg"
Pålegg,100 g,Bøkerøkt Herregårdsskinke,"kr 29,00",Kjøtt- og kyllingpålegg,"kr 290,00 per kg"
Pålegg,100 g,Vår Beste Skinke,"kr 32,20",Kjøtt- og kyllingpålegg,"kr 322,00 per kg"
Pålegg,100 g,Roastbeef,"kr 29,00",Kjøtt- og kyllingpålegg,"kr 290,00 per kg"
Pålegg,100 g,Skinkestek,"kr 32,80",Kjøtt- og kyllingpålegg,"kr 328,00 per kg"
Pålegg,100 g,Roastbiff,"kr 43,80",Kjøtt- og kyllingpålegg,"kr 438,00 per kg"
Pålegg,100 g,Bøkerrøkt Skinke Økologisk,"kr 39,00",Kjøtt- og kyllingpålegg,"kr 390,00 per kg"
Asiatisk,435 ml,Sriracha,"kr 51,90",Soyasaus og chilisaus,"kr 119,31 per l"
Asiatisk,475 ml,Chilisaus Mindre Sukker,"kr 47,40",Soyasaus og chilisaus,"kr 99,79 per l"
Asiatisk,234 g,Sambal Oelek,"kr 48,80",Soyasaus og chilisaus,"kr 208,55 per kg"
Asiatisk,200 g,Sambal Oelek,"kr 28,80",Soyasaus og chilisaus,"kr 144,00 per kg"
Asiatisk,100 g,Chilipaste Sambal Oelek,"kr 31,80",Soyasaus og chilisaus,"kr 318,00 per kg"
Asiatisk,100 g,Døgnvill Chilisaus,"kr 19,90",Soyasaus og chilisaus,"kr 199,00 per kg"
Frukt og grønt,"Økologisk, 290 g",Bønnemiks,"kr 12,70",Hermetisert frukt og grønt,"kr 43,79 per kg"
Frukt og grønt,"Økologisk, 180 g",Røde Linser,"kr 13,90",Hermetisert frukt og grønt,"kr 77,22 per kg"
Frukt og grønt,380 g,Grønne Linser,"kr 19,80",Hermetisert frukt og grønt,"kr 52,11 per kg"
Frukt og grønt,330 g,Asparges Hele,"kr 24,90",Hermetisert frukt og grønt,"kr 75,45 per kg"
Frukt og grønt,227 g,Bambusskudd,"kr 17,40",Hermetisert frukt og grønt,"kr 76,65 per kg"
Frukt og grønt,227 g,Vannkastanjer,"kr 14,70",Hermetisert frukt og grønt,"kr 64,76 per kg"
Asiatisk,200 g,Koriander Paste,"kr 39,50",Indisk,"kr 197,50 per kg"
Asiatisk,200 g,Nirus Curry Paste,"kr 37,40",Indisk,"kr 187,00 per kg"
Asiatisk,200 g,Nirus Korma Paste,"kr 47,10",Indisk,"kr 235,50 per kg"
Asiatisk,200 g,Butter Chicken,"kr 51,40",Indisk,"kr 257,00 per kg"
Asiatisk,250 g,Nirus Special Mango Chutney,"kr 34,40",Indisk,"kr 137,60 per kg"
Asiatisk,80 g,Chili Paste,"kr 39,10",Indisk,"kr 488,75 per kg"
Asiatisk,50 g,Raita Miks,"kr 21,40",Indisk,"kr 428,00 per kg"
Asiatisk,8 g,Raita Spice Mix,"kr 14,10",Indisk,"kr 1762,50 per kg"
Barneprodukter,"Str.3 6-11kg, 35 stk",Bleie premium protection Pants,"kr 90,80",Bleier,"kr 2,59 per stk"
Barneprodukter,"Str.4 9-15kg, 32 stk",Bleie premium protection Pants,"kr 90,80",Bleier,"kr 2,84 per stk"
Barneprodukter,"S5 12-17kg, 30 stk",Bleie Premium Protection Pants,"kr 92,60",Bleier,"kr 3,09 per stk"
Barneprodukter,"S6 15+kg, 28 stk",Bleie Premium Protection Pants,"kr 92,60",Bleier,"kr 3,31 per stk"
Barneprodukter,"Str. 2 3-6kg, 28 stk",Lev Vel Bleier Mini,"kr 31,10",Bleier,"kr 1,11 per stk"
Barneprodukter,"Str. 3, 5-9 kg, 56 stk",Lev Vel Bleier Midi,"kr 41,50",Bleier,"kr 0,74 per stk"
Barneprodukter,"Str. 4 7-16 kg, 50 stk",Lev Vel Bleier Maxi,"kr 57,30",Bleier,"kr 1,15 per stk"
Barneprodukter,"Str.5 12-25kg, 44 stk",Lev Vel Bleier Junior,"kr 57,30",Bleier,"kr 1,30 per stk"
Barneprodukter,"Str. 6 15-30kg, 40 stk",Lev Vel Bleier XL,"kr 59,30",Bleier,"kr 1,48 per stk"
Mel og bakeingredienser,"Glutenfri, 700 g",Fin Melblanding,"kr 43,80",Mel og sukker,"kr 62,57 per kg"
Mel og bakeingredienser,"Glutenfri, 700 g",Grov Melblanding,"kr 49,80",Mel og sukker,"kr 71,14 per kg"
Mel og bakeingredienser,"Økologisk, 1 kg",Hvetemel Sammalt,"kr 17,50",Mel og sukker,"kr 17,50 per kg"
Mel og bakeingredienser,"Økologisk, 1 kg",Hvetemel Siktet,"kr 15,70",Mel og sukker,"kr 15,70 per kg"
Mel og bakeingredienser,500 g,Kandissukker Store Biter,"kr 33,90",Mel og sukker,"kr 67,80 per kg"
Mel og bakeingredienser,300 g,Kokossukker,"kr 58,10",Mel og sukker,"kr 193,67 per kg"
Frukt og grønt,150 g,Brente Mandler,"kr 46,70","Frø, nøtter og tørket frukt","kr 311,33 per kg"
Frukt og grønt,"Saltet, 1 kg",Cashewnøtter,"kr 242,80","Frø, nøtter og tørket frukt","kr 242,80 per kg"
Frukt og grønt,"Usaltet, 1 kg",Cashewnøtter,"kr 211,00","Frø, nøtter og tørket frukt","kr 211,00 per kg"
Frukt og grønt,"Rå, Usaltet, 190 g",Cashewnøtter,"kr 52,80","Frø, nøtter og tørket frukt","kr 277,89 per kg"
Frukt og grønt,1 kg,Chilinøtter,"kr 93,50","Frø, nøtter og tørket frukt","kr 93,50 per kg"
Frukt og grønt,500 g,Hvit Quinoa,"kr 52,80","Frø, nøtter og tørket frukt","kr 105,60 per kg"
Frukt og grønt,500 g,Linfrø,"kr 26,30","Frø, nøtter og tørket frukt","kr 52,60 per kg"
Frukt og grønt,"Sør Afrika, 500 g",Macadamiannøtter Ristet & Saltet,"kr 253,40","Frø, nøtter og tørket frukt","kr 506,80 per kg"
Frukt og grønt,"Saltet Og Ristet, 50 g",Mandler,"kr 12,70","Frø, nøtter og tørket frukt","kr 254,00 per kg"
Mel og bakeingredienser,"Til Pepperkakehus, 100 g",Bakelim Hvit,"kr 30,00",Baketilbehør,"kr 300,00 per kg"
Mel og bakeingredienser,"Golden&Shiny, 12 stk",Perler,"kr 36,30",Baketilbehør,"kr 3,03 per stk"
Mel og bakeingredienser,52 g,Silver Pearls Chocolate,"kr 36,50",Baketilbehør,"kr 701,92 per kg"
Mel og bakeingredienser,55 g,Disco Sjokoladekuler,"kr 31,10",Baketilbehør,"kr 565,45 per kg"
Mel og bakeingredienser,100 g,Daim Strøssel,"kr 25,80",Baketilbehør,"kr 258,00 per kg"
Mel og bakeingredienser,80 g,Kakefyll Vaniljesmak,"kr 21,50",Baketilbehør,"kr 268,75 per kg"
Mel og bakeingredienser,"4 kammer, 85 g",Kakepynt Christmas,"kr 46,90",Baketilbehør,"kr 551,76 per kg"
Mel og bakeingredienser,200 g,Makronfyll,"kr 34,80",Baketilbehør,"kr 174,00 per kg"
Pizza og taco,320 g,Guacamole Salsa,"kr 48,70",Taco,"kr 152,19 per kg"
Pizza og taco,250 g,Jalapenos,"kr 21,80",Taco,"kr 87,20 per kg"
Pizza og taco,"Taste Lab, 220 g",Jalapeños Rød i Skiver,"kr 17,40",Taco,"kr 79,09 per kg"
Pizza og taco,30 g,Mexicana Chicken Tinga Seasoningmix,"kr 14,70",Taco,"kr 490,00 per kg"
Pizza og taco,"Med Fersk Tacosaus, 400 g",SALMA Taco,"kr 79,80",Taco,"kr 199,50 per kg"
Tørkepapir og vaskemidler,750 ml,Wc-Gel,"kr 25,10",Vaskemidler,"kr 33,47 per l"
Tørkepapir og vaskemidler,"1 stk, 40 g",Wc Blått,"kr 13,60",Vaskemidler,"kr 340,00 per kg"
Tørkepapir og vaskemidler,3 stk,Wc-blokk,"kr 26,10",Vaskemidler,"kr 8,70 per stk"
Tørkepapir og vaskemidler,1 stk,Cool Mist Toalettblokk,"kr 30,60",Vaskemidler,"kr 30,60 per stk"
Tørkepapir og vaskemidler,"starterpack, 1 stk",Fresh Discs Breeze,"kr 43,10",Vaskemidler,"kr 43,10 per stk"
Tørkepapir og vaskemidler,"starterpack 1 holder 1 refill, 1 stk",Fresh Discs Lavendel,"kr 37,60",Vaskemidler,"kr 37,60 per stk"
Tørkepapir og vaskemidler,1 stk,Fresh Rose Toalettblokk,"kr 24,00",Vaskemidler,"kr 24,00 per stk"
Tørkepapir og vaskemidler,50 g,Klorin Wc-Blokk med klor,"kr 40,90",Vaskemidler,"kr 818,00 per kg"
Middager og tilbehør,43 g,Wasabi Paste,"kr 56,80",Middagstilbehør,"kr 1320,93 per kg"
Middager og tilbehør,142 g,Krutonger Caesar,"kr 39,80",Middagstilbehør,"kr 280,28 per kg"
Middager og tilbehør,142 g,Krutonger Med Havsalt & Pepper,"kr 39,80",Middagstilbehør,"kr 280,28 per kg"
Middager og tilbehør,349 g,Tofu,"kr 74,00",Middagstilbehør,"kr 212,03 per kg"
Middager og tilbehør,"Økologisk, 270 g",Tofu Naturell,"kr 31,90",Middagstilbehør,"kr 118,15 per kg"
Middager og tilbehør,500 g,Mandelpotetstappe,"kr 35,40",Middagstilbehør,"kr 70,80 per kg"
Middager og tilbehør,475 g,Opphøgde Potteter,"kr 27,80",Middagstilbehør,"kr 58,53 per kg"
Middager og tilbehør,450 g,Pommes Express,"kr 22,80",Middagstilbehør,"kr 50,67 per kg"
Middager og tilbehør,600 g,Pommes Noisettes,"kr 44,80",Middagstilbehør,"kr 74,67 per kg"
Is og desserter,438 ml,Topped Salted Caramel Brownie Iskrem,"kr 90,90",Is i boks,"kr 207,53 per l"
Is og desserter,465 ml,Cookie Dough Iskrem,"kr 87,90",Is i boks,"kr 189,03 per l"
Is og desserter,"Melkefri, 465 ml",Non-Dairy Peanut Butter Cookie,"kr 90,90",Is i boks,"kr 195,48 per l"
Is og desserter,"Melkefri, 465 ml",Non-Dairy Chocolate Fudge Brownie,"kr 86,90",Is i boks,"kr 186,88 per l"
Is og desserter,"0,5 l",WANTED Choco Cookie Dough,"kr 82,10",Is i boks,"kr 164,20 per l"
Is og desserter,"0,9 l",Trippel Sjokolade Iskrem,"kr 64,90",Is i boks,"kr 72,11 per l"
Varme drikker,25 stk,Love Te,"kr 65,70",Urte-te og frukt-te,"kr 2,63 per stk"
Varme drikker,"25 poser, 25 stk",Four Red Fruits Tea,"kr 49,30",Urte-te og frukt-te,"kr 1,97 per stk"
Varme drikker,25 stk,Sitron Te,"kr 54,90",Urte-te og frukt-te,"kr 2,20 per stk"
Varme drikker,25 stk,Solbærte,"kr 61,40",Urte-te og frukt-te,"kr 2,46 per stk"
Varme drikker,"Økologisk, 26 stk",Te Green Tea,"kr 44,60",Urte-te og frukt-te,"kr 1,72 per stk"
Varme drikker,20 stk,Te Snore & Peace,"kr 44,60",Urte-te og frukt-te,"kr 2,23 per stk"
Varme drikker,20 stk,Kamille-te,"kr 44,60",Urte-te og frukt-te,"kr 2,23 per stk"
Varme drikker,"Økologisk, 20 stk",Te Lime & Ginger Green,"kr 44,60",Urte-te og frukt-te,"kr 2,23 per stk"
"Kaker, kjeks og desserter",125 g,Start Kjeks,"kr 37,80",Kjeks,"kr 302,40 per kg"
"Kaker, kjeks og desserter",100 g,Meulen Melba Toast,"kr 36,30",Kjeks,"kr 363,00 per kg"
"Kaker, kjeks og desserter",110 g,Meulen Melba Toast Rund,"kr 28,40",Kjeks,"kr 258,18 per kg"
"Kaker, kjeks og desserter",150 g,Beste kräcker,"kr 21,80",Kjeks,"kr 145,33 per kg"
"Kaker, kjeks og desserter","Glutenfri, 110 g",Piruett Kjeks,"kr 39,80",Kjeks,"kr 361,82 per kg"
"Kaker, kjeks og desserter","Glutenfri, 150 g",Havre Digestive,"kr 48,80",Kjeks,"kr 325,33 per kg"
"Kaker, kjeks og desserter","Glutenfri, 150 g",White Choco Nut Cookies,"kr 53,10",Kjeks,"kr 354,00 per kg"
"Kaker, kjeks og desserter",600 g,Mariekjeks,"kr 14,80",Kjeks,"kr 24,67 per kg"
"Kaker, kjeks og desserter",450 g,Cookies Choc Chip,"kr 36,20",Kjeks,"kr 80,44 per kg"
Pålegg,100 g,Kokt Skinke Økologisk,"kr 29,00",Kjøtt- og kyllingpålegg,"kr 290,00 per kg"
Pålegg,"Grillet, 200 g",Roastbeef,"kr 75,60",Kjøtt- og kyllingpålegg,"kr 378,00 per kg"
Pålegg,"Håndlaget, 200 g",Kokt Skinke,"kr 42,20",Kjøtt- og kyllingpålegg,"kr 211,00 per kg"
Pålegg,200 g,Hamburgerrygg,"kr 28,50",Kjøtt- og kyllingpålegg,"kr 142,50 per kg"
Pålegg,200 g,Gjesteskinke,"kr 21,50",Kjøtt- og kyllingpålegg,"kr 107,50 per kg"
Pålegg,200 g,Servelat,"kr 21,50",Kjøtt- og kyllingpålegg,"kr 107,50 per kg"
Pålegg,"80% Kjøtt, 500 g",Kokt Skinke,"kr 97,20",Kjøtt- og kyllingpålegg,"kr 194,40 per kg"
Frukt og grønt,400 g,Sjampinjong Hel,"kr 15,80",Hermetisert frukt og grønt,"kr 39,50 per kg"
Asiatisk,500 g,Nirus Kikertemel,"kr 39,50",Indisk,"kr 79,00 per kg"
Asiatisk,850 g,Mangopuré,"kr 51,80",Indisk,"kr 60,94 per kg"
Asiatisk,20 g,Spisskummen,"kr 39,10",Indisk,"kr 1955,00 per kg"
Asiatisk,20 g,Muskatblomme,"kr 39,10",Indisk,"kr 1955,00 per kg"
Asiatisk,40 g,Kardemommekapsler,"kr 39,10",Indisk,"kr 977,50 per kg"
Asiatisk,75 g,Sennepsfrø,"kr 39,10",Indisk,"kr 521,33 per kg"
Asiatisk,65 g,Munnoppfrisker,"kr 39,10",Indisk,"kr 601,54 per kg"
Asiatisk,50 g,Chaat Masala,"kr 39,10",Indisk,"kr 782,00 per kg"
Asiatisk,10 g,Bukkhornkløver,"kr 39,10",Indisk,"kr 3910,00 per kg"
Barneprodukter,"Str.5 10-18kg, 30 stk",Buksebleier Junior,"kr 45,50",Bleier,"kr 1,52 per stk"
Barneprodukter,"Str.6 16-26kg, 28 stk",Lev Vel Buksebleier XL,"kr 47,10",Bleier,"kr 1,68 per stk"
Barneprodukter,7 stk,Sleep Tight Bedmats,"kr 87,60",Bleier,"kr 12,51 per stk"
Barneprodukter,"S9, 22-37 kg, 10 stk",Libero Sleep Tight,"kr 102,60",Bleier,"kr 10,26 per stk"
Barneprodukter,"S 10 35-60 kg, 9 stk",Libero Sleep Tight,"kr 102,60",Bleier,"kr 11,40 per stk"
Barneprodukter,"Fra 10-16 kg, 6 stk",Libero Swimpants Medium,"kr 34,60",Bleier,"kr 5,77 per stk"
Barneprodukter,"Fra 7-12 kg, 6 stk",Libero Swimpants Small,"kr 31,70",Bleier,"kr 5,28 per stk"
Mel og bakeingredienser,500 g,Nirus Kikertemel,"kr 39,50",Mel og sukker,"kr 79,00 per kg"
Mel og bakeingredienser,"Brødsmuler, 125 g",Panko Brødkumme,"kr 36,90",Mel og sukker,"kr 295,20 per kg"
Mel og bakeingredienser,500 g,Råsukkerbit,"kr 22,70",Mel og sukker,"kr 45,40 per kg"
Mel og bakeingredienser,100 stk,Søtningstabletter,"kr 25,90",Mel og sukker,"kr 0,26 per stk"
Mel og bakeingredienser,"Med Stevia, 100 stk",Søtningstabletter,"kr 41,50",Mel og sukker,"kr 0,42 per stk"
Mel og bakeingredienser,"Økologisk, 1 kg",Sukker,"kr 34,60",Mel og sukker,"kr 34,60 per kg"
Mel og bakeingredienser,1 kg,Økologisk Emmermel Siktet,"kr 59,90",Mel og sukker,"kr 59,90 per kg"
Frukt og grønt,"Økologisk, 110 g",Mango,"kr 58,10","Frø, nøtter og tørket frukt","kr 528,18 per kg"
Frukt og grønt,"Økologisk, 150 g",Tranebær,"kr 51,80","Frø, nøtter og tørket frukt","kr 345,33 per kg"
Frukt og grønt,"Pepper & Balsamico, 200 g",Røstede Peanøtter og Mandler,"kr 26,50","Frø, nøtter og tørket frukt","kr 132,50 per kg"
Frukt og grønt,550 g,Økologisk Basmatiris,"kr 39,10","Frø, nøtter og tørket frukt","kr 71,09 per kg"
Frukt og grønt,400 g,Økologisk Bokhvete,"kr 31,60","Frø, nøtter og tørket frukt","kr 79,00 per kg"
Frukt og grønt,300 g,Økologisk Bulgur,"kr 39,10","Frø, nøtter og tørket frukt","kr 130,33 per kg"
Frukt og grønt,"Rå, Usaltet, 130 g",Økologiske Cashewnøtter,"kr 52,80","Frø, nøtter og tørket frukt","kr 406,15 per kg"
Mel og bakeingredienser,100 g,Flerfarget Strøssel,"kr 43,90",Baketilbehør,"kr 439,00 per kg"
Mel og bakeingredienser,35 g,Freia Mandelskiver,"kr 18,60",Baketilbehør,"kr 531,43 per kg"
Mel og bakeingredienser,50 g,Hakkede Mandler,"kr 39,60",Baketilbehør,"kr 792,00 per kg"
Mel og bakeingredienser,50 g,Mandelflak,"kr 31,60",Baketilbehør,"kr 632,00 per kg"
Mel og bakeingredienser,200 g,Skivede Mandler,"kr 65,70",Baketilbehør,"kr 328,50 per kg"
Mel og bakeingredienser,60 g,Bokstaver & Tall i Sjokolade,"kr 45,80",Baketilbehør,"kr 763,33 per kg"
Mel og bakeingredienser,100 g,Geléhjerter,"kr 20,70",Baketilbehør,"kr 207,00 per kg"
Mel og bakeingredienser,20 g,Sjokoladestjerner,"kr 36,30",Baketilbehør,"kr 1815,00 per kg"
Tørkepapir og vaskemidler,1 stk,3 in 1 Block Citrus Fresh,"kr 28,50",Vaskemidler,"kr 28,50 per stk"
Tørkepapir og vaskemidler,1 stk,3 in1 Block Ocean Fresh,"kr 28,50",Vaskemidler,"kr 28,50 per stk"
Tørkepapir og vaskemidler,150 g,Lavendel Duftblokk,"kr 23,60",Vaskemidler,"kr 157,33 per kg"
Tørkepapir og vaskemidler,300 ml,Glade Clean Linen Luftfrisk,"kr 44,60",Vaskemidler,"kr 148,67 per l"
Tørkepapir og vaskemidler,1 stk,One Touch Lemon,"kr 43,10",Vaskemidler,"kr 43,10 per stk"
Tørkepapir og vaskemidler,200 ml,Keramikkrent Rens,"kr 48,80",Vaskemidler,"kr 244,00 per l"
Tørkepapir og vaskemidler,"Universalvaskekrem, 100 g",Nylonvask Vaskemiddel,"kr 39,60",Vaskemidler,"kr 396,00 per kg"
Middager og tilbehør,750 g,Rotgrønnsaker Grovkuttet,"kr 28,30",Middagstilbehør,"kr 37,73 per kg"
Middager og tilbehør,"Norge, 500 g","Rotmos, Ferdig til oppvarming","kr 31,70",Middagstilbehør,"kr 63,40 per kg"
Middager og tilbehør,250 g,Aioli,"kr 15,00",Middagstilbehør,"kr 60,00 per kg"
Middager og tilbehør,250 g,Chili Aioli,"kr 15,00",Middagstilbehør,"kr 60,00 per kg"
Middager og tilbehør,"Taste Lab, 250 g",Coleslaw,"kr 15,00",Middagstilbehør,"kr 60,00 per kg"
Middager og tilbehør,130 g,Artisjokkhjerter Tapas,"kr 30,00",Middagstilbehør,"kr 230,77 per kg"
Middager og tilbehør,180 g,Fersk Tzatziki,"kr 30,00",Middagstilbehør,"kr 166,67 per kg"
Middager og tilbehør,"Taste Lab, 250 g",Mozzarella Sticks,"kr 33,10",Middagstilbehør,"kr 132,40 per kg"
Middager og tilbehør,"Taste Lab, 250 g",Jalapeño Poppers,"kr 33,10",Middagstilbehør,"kr 132,40 per kg"
Is og desserter,"0,9 l",Vanilla Iskrem,"kr 64,90",Is i boks,"kr 72,11 per l"
Is og desserter,"1,2 l",Lollipop,"kr 57,10",Is i boks,"kr 47,58 per l"
Is og desserter,"1,2 l",Favoritter Salt Karamell,"kr 57,10",Is i boks,"kr 47,58 per l"
Is og desserter,"Lime, 0,5 l",Sorbetto Limone,"kr 59,90",Is i boks,"kr 119,80 per l"
Is og desserter,"0,5 l",Sorbetto Mango & Pasjonsfrukt,"kr 59,90",Is i boks,"kr 119,80 per l"
Is og desserter,1 l,Iskrem Gul Vanilje,"kr 56,80",Is i boks,"kr 56,80 per l"
Is og desserter,1 l,Iskrem Tiramisu,"kr 55,00",Is i boks,"kr 55,00 per l"
Is og desserter,460 ml,Häagen Dazs Belgian Chocolate,"kr 71,60",Is i boks,"kr 155,65 per l"
Varme drikker,"Økologisk, 20 stk",Te Lemon & Ginger,"kr 44,60",Urte-te og frukt-te,"kr 2,23 per stk"
Varme drikker,"Økologisk, 20 stk",Te Happy Mondays,"kr 44,60",Urte-te og frukt-te,"kr 2,23 per stk"
Varme drikker,"Økologisk, 20 stk",Te Love Me Truly Chai,"kr 44,60",Urte-te og frukt-te,"kr 2,23 per stk"
Varme drikker,20 stk,Te Wild Berry,"kr 44,60",Urte-te og frukt-te,"kr 2,23 per stk"
Varme drikker,200 g,Ricola Urtete,"kr 61,10",Urte-te og frukt-te,"kr 305,50 per kg"
Varme drikker,"10pk, 320 g",Solbærtoddy,"kr 52,80",Urte-te og frukt-te,"kr 165,00 per kg"
"Kaker, kjeks og desserter",300 g,Orange Cookies,"kr 26,10",Kjeks,"kr 87,00 per kg"
"Kaker, kjeks og desserter","Glutenfri, 150 g",Salted Caramel Chocolate Cookie,"kr 51,70",Kjeks,"kr 344,67 per kg"
"Kaker, kjeks og desserter","Glutenfri, 150 g",Triple Choco Cookies,"kr 55,40",Kjeks,"kr 369,33 per kg"
"Kaker, kjeks og desserter",290 g,Sibas Havrekjeks,"kr 22,80",Kjeks,"kr 78,62 per kg"
"Kaker, kjeks og desserter",182 g,Cookieglede Mørk Myk Inni,"kr 41,30",Kjeks,"kr 226,92 per kg"
"Kaker, kjeks og desserter",182 g,Cookieglede Myk inni,"kr 41,00",Kjeks,"kr 225,27 per kg"
"Kaker, kjeks og desserter","Tilbehør til Ost, 50 g",Fikenterte,"kr 30,10",Kjeks,"kr 602,00 per kg"
"Kaker, kjeks og desserter",200 g,Café Bakeriet Myk Karamell,"kr 49,80",Kjeks,"kr 249,00 per kg"
Pålegg,110 g,Skinke Løvtynn,"kr 37,80",Kjøtt- og kyllingpålegg,"kr 343,64 per kg"
Pålegg,110 g,Hamburgerrygg Løvtynn,"kr 39,80",Kjøtt- og kyllingpålegg,"kr 361,82 per kg"
Pålegg,110 g,Krydderskinke Skivet,"kr 32,40",Kjøtt- og kyllingpålegg,"kr 294,55 per kg"
Pålegg,150 g,Kokt Skinke,"kr 33,40",Kjøtt- og kyllingpålegg,"kr 222,67 per kg"
Pålegg,110 g,Hamburgerrygg,"kr 32,30",Kjøtt- og kyllingpålegg,"kr 293,64 per kg"
Pålegg,150 g,Hamburgerrygg,"kr 40,40",Kjøtt- og kyllingpålegg,"kr 269,33 per kg"
Pålegg,110 g,Kalverullade,"kr 32,80",Kjøtt- og kyllingpålegg,"kr 298,18 per kg"
Pålegg,150 g,Familieskinke Skivet,"kr 31,90",Kjøtt- og kyllingpålegg,"kr 212,67 per kg"
Pålegg,150 g,Familieskinke Krydret Skivet,"kr 38,80",Kjøtt- og kyllingpålegg,"kr 258,67 per kg"
Asiatisk,50 g,Fennikelfrø,"kr 39,10",Indisk,"kr 782,00 per kg"
Asiatisk,"20 stk, 500 g",Dim Sum Reker,"kr 72,70",Indisk,"kr 145,40 per kg"
Asiatisk,20 stk,Dim Sum Reker Shomai,"kr 72,70",Indisk,"kr 145,40 per kg"
Barneprodukter,6 stk,Stelleunderlag,"kr 23,60",Bleier,"kr 3,93 per stk"
Barneprodukter,45 stk,Bleieposer,"kr 22,10",Bleier,"kr 0,49 per stk"
Mel og bakeingredienser,1 kg,Økologisk Siktet Landhvete,"kr 44,90",Mel og sukker,"kr 44,90 per kg"
Mel og bakeingredienser,1 kg,Pizzamel tipo-00,"kr 32,90",Mel og sukker,"kr 32,90 per kg"
Mel og bakeingredienser,500 g,Økologisk Perle Emmer,"kr 42,90",Mel og sukker,"kr 85,80 per kg"
Mel og bakeingredienser,1 kg,Økologisk Emmer Grovmalt,"kr 59,90",Mel og sukker,"kr 59,90 per kg"
Mel og bakeingredienser,1 kg,Caputo Pizzamel Manitoba,"kr 32,90",Mel og sukker,"kr 32,90 per kg"
Mel og bakeingredienser,10 g,Sugar Eyes,"kr 31,60",Baketilbehør,"kr 3160,00 per kg"
Mel og bakeingredienser,500 g,Rosiner,"kr 40,60",Baketilbehør,"kr 81,20 per kg"
Mel og bakeingredienser,175 ml,Formfett,"kr 42,40",Baketilbehør,"kr 242,29 per l"
Mel og bakeingredienser,100 g,Geletopper,"kr 22,40",Baketilbehør,"kr 224,00 per kg"
Tørkepapir og vaskemidler,20 tablett,Kannerens,"kr 49,40",Vaskemidler,"kr 2,47 per tablett"
Tørkepapir og vaskemidler,"Assorterte farger, 1 stk",Feiesett,"kr 38,50",Vaskemidler,"kr 38,50 per stk"
Tørkepapir og vaskemidler,"Fresh Lemon Refill, 1 stk",Touch & Fresh,"kr 24,60",Vaskemidler,"kr 24,60 per stk"
Middager og tilbehør,"Taste Lab, 300 g",Løkringer,"kr 31,60",Middagstilbehør,"kr 105,33 per kg"
Middager og tilbehør,"65 stk, 975 g",Mozzarella Sticks,"kr 169,90",Middagstilbehør,"kr 174,26 per kg"
Middager og tilbehør,"85 stk, 1,7 kg",Vårruller med Grønnsaker,"kr 149,00",Middagstilbehør,"kr 87,65 per kg"
Middager og tilbehør,"16 stk, 320 g",Vårruller med Grønnsaker,"kr 27,90",Middagstilbehør,"kr 87,19 per kg"
Middager og tilbehør,"10 stk, 180 g",Vårruller med And,"kr 29,90",Middagstilbehør,"kr 166,11 per kg"
Middager og tilbehør,600 g,Vårruller med Grønnsaker,"kr 52,40",Middagstilbehør,"kr 87,33 per kg"
Middager og tilbehør,600 g,Vårruller med Kylling & Grønnsaker,"kr 44,20",Middagstilbehør,"kr 73,67 per kg"
Is og desserter,460 ml,Häagen Dazs Vanilla,"kr 73,90",Is i boks,"kr 160,65 per l"
Is og desserter,460 ml,Häagen Dazs Chocolate Dough Chip,"kr 67,70",Is i boks,"kr 147,17 per l"
Is og desserter,460 ml,Häagen Dazs Chocolate Saltet Caramel,"kr 64,60",Is i boks,"kr 140,43 per l"
Is og desserter,460 ml,Häagen Dazs Saltet Caramel,"kr 64,80",Is i boks,"kr 140,87 per l"
Is og desserter,460 ml,Häagen Dazs Strawberry Cheesecake,"kr 67,00",Is i boks,"kr 145,65 per l"
Is og desserter,460 ml,Häagen Dazs Cookies & Cream,"kr 68,70",Is i boks,"kr 149,35 per l"
Is og desserter,"0,8 l",Dream Caramel Brownie Blast,"kr 74,80",Is i boks,"kr 93,50 per l"
Is og desserter,"0,5 l",Dream Vegan Sjokolade,"kr 56,10",Is i boks,"kr 112,20 per l"
Is og desserter,440 ml,Magnum White,"kr 76,90",Is i boks,"kr 174,77 per l"
"Kaker, kjeks og desserter",200 g,Cafe Bakeriet Myk sjokolade,"kr 46,40",Kjeks,"kr 232,00 per kg"
"Kaker, kjeks og desserter",300 g,Havrekjeks med Blåbær,"kr 48,20",Kjeks,"kr 160,67 per kg"
"Kaker, kjeks og desserter",300 g,Havrekjeks med Hasselnøtter,"kr 48,20",Kjeks,"kr 160,67 per kg"
"Kaker, kjeks og desserter",300 g,Havrekjeks med Kirsebær,"kr 48,20",Kjeks,"kr 160,67 per kg"
"Kaker, kjeks og desserter",300 g,Havrekjeks med Mandel & Sjokolade,"kr 48,20",Kjeks,"kr 160,67 per kg"
"Kaker, kjeks og desserter",157 g,Oreo Rull Dobbel,"kr 24,80",Kjeks,"kr 157,96 per kg"
"Kaker, kjeks og desserter",176 g,Oreo,"kr 38,50",Kjeks,"kr 218,75 per kg"
"Kaker, kjeks og desserter",66 g,Oreo,"kr 14,60",Kjeks,"kr 221,21 per kg"
"Kaker, kjeks og desserter",96 g,Oreo Crispy & Thin,"kr 23,10",Kjeks,"kr 240,63 per kg"
Pålegg,150 g,Servelat,"kr 24,70",Kjøtt- og kyllingpålegg,"kr 164,67 per kg"
Pålegg,100 g,Kokt Tunge Skivet,"kr 29,80",Kjøtt- og kyllingpålegg,"kr 298,00 per kg"
Pålegg,110 g,Servelat,"kr 13,10",Kjøtt- og kyllingpålegg,"kr 119,09 per kg"
Pålegg,110 g,Kokt Skinke Skivet,"kr 22,90",Kjøtt- og kyllingpålegg,"kr 208,18 per kg"
Pålegg,100 g,Go & Mager Servelat,"kr 13,40",Kjøtt- og kyllingpålegg,"kr 134,00 per kg"
Pålegg,100 g,Kokt Skinke,"kr 24,20",Kjøtt- og kyllingpålegg,"kr 242,00 per kg"
Middager og tilbehør,"Ferdige Deigark, 40 stk",Vårulldeig,"kr 36,30",Middagstilbehør,"kr 66,00 per kg"
Middager og tilbehør,"12 stk, 134 g",Vårrull Wrap,"kr 68,80",Middagstilbehør,"kr 513,43 per kg"
Middager og tilbehør,"Tomat & Oregano, 120 g",Brødsnacks,"kr 38,70",Middagstilbehør,"kr 322,50 per kg"
Middager og tilbehør,"Hvitløk og Persille, 120 g",Brødsnacks,"kr 40,80",Middagstilbehør,"kr 340,00 per kg"
Middager og tilbehør,200 g,Chili Con Queso,"kr 40,50",Middagstilbehør,"kr 202,50 per kg"
Middager og tilbehør,300 g,Falafel,"kr 42,80",Middagstilbehør,"kr 142,67 per kg"
Middager og tilbehør,130 g,Fersk Grønn Pesto,"kr 42,20",Middagstilbehør,"kr 324,62 per kg"
Middager og tilbehør,370 g,Fersk Kikertcurry,"kr 44,60",Middagstilbehør,"kr 120,54 per kg"
Middager og tilbehør,750 g,Fløtegratinerte Poteter,"kr 39,60",Middagstilbehør,"kr 52,80 per kg"
Middager og tilbehør,"Norge/ Danmark, 400 g",Fløtepoteter,"kr 36,30",Middagstilbehør,"kr 90,75 per kg"
Is og desserter,440 ml,Magnum Classic,"kr 75,60",Is i boks,"kr 171,82 per l"
Is og desserter,440 ml,Magnum Almond,"kr 76,90",Is i boks,"kr 174,77 per l"
Is og desserter,440 ml,Magnum Double Salted Caramel,"kr 75,40",Is i boks,"kr 171,36 per l"
Is og desserter,440 ml,Magnum White Chocolate & Cookies,"kr 75,40",Is i boks,"kr 171,36 per l"
Is og desserter,2 l,Fløte-is Krokan,"kr 51,70",Is i boks,"kr 25,85 per l"
Is og desserter,2 l,Fløte-Is Vanilje,"kr 44,80",Is i boks,"kr 22,40 per l"
Is og desserter,2 l,Fløte-Is Tress,"kr 46,40",Is i boks,"kr 23,20 per l"
Is og desserter,"Laktosefri, 750 ml",FRI Vanilje Is med Sjokoladebiter,"kr 89,80",Is i boks,"kr 119,73 per l"
Is og desserter,"Laktosefri, 750 ml",FRI Vanilje Is,"kr 59,60",Is i boks,"kr 79,47 per l"
"Kaker, kjeks og desserter",96 g,Oreo Crispy & Thin Sjokolade,"kr 29,60",Kjeks,"kr 308,33 per kg"
"Kaker, kjeks og desserter",154 g,Oreo Golden,"kr 33,90",Kjeks,"kr 220,13 per kg"
"Kaker, kjeks og desserter",115 g,Oreo Mini,"kr 32,30",Kjeks,"kr 280,87 per kg"
"Kaker, kjeks og desserter",190 g,Ritz Breaks Original,"kr 35,80",Kjeks,"kr 188,42 per kg"
Pålegg,100 g,Pepperskinke,"kr 26,50",Kjøtt- og kyllingpålegg,"kr 265,00 per kg"
Pålegg,110 g,Løvtynn Kalkunfilet,"kr 42,60",Kjøtt- og kyllingpålegg,"kr 387,27 per kg"
Pålegg,110 g,Kalkun Krydderskinke Skivet,"kr 28,60",Kjøtt- og kyllingpålegg,"kr 260,00 per kg"
Pålegg,80 g,Kyllingfilet Røkt Bøkeflis,"kr 22,70",Kjøtt- og kyllingpålegg,"kr 283,75 per kg"
Pålegg,80 g,Kyllingpålegg Naturell,"kr 22,50",Kjøtt- og kyllingpålegg,"kr 281,25 per kg"
Pålegg,80 g,Kyllingfilet med Paprika,"kr 23,20",Kjøtt- og kyllingpålegg,"kr 290,00 per kg"
Pålegg,80 g,Kyllingfilet Basilikum,"kr 23,20",Kjøtt- og kyllingpålegg,"kr 290,00 per kg"
Middager og tilbehør,150 g,Guacamole,"kr 32,90",Middagstilbehør,"kr 219,33 per kg"
Middager og tilbehør,"Proteinrikt Havrebasert Matlagingsprodukt, 160 g",Havrebit Naturell,"kr 31,60",Middagstilbehør,"kr 197,50 per kg"
Middager og tilbehør,"Proteinrikt Havrebasert Matlagingsprodukt, 160 g",Havrebit Urter,"kr 42,20",Middagstilbehør,"kr 263,75 per kg"
Middager og tilbehør,150 g,Hummus Rødbet,"kr 26,90",Middagstilbehør,"kr 179,33 per kg"
Middager og tilbehør,"Med Tomat, Chili og Basilikum, 210 g",Hummus Trio,"kr 36,30",Middagstilbehør,"kr 172,86 per kg"
Middager og tilbehør,"Upasteurisert Surkål, 390 ml",Jegerkraut,"kr 159,00",Middagstilbehør,"kr 407,69 per l"
Middager og tilbehør,"Fettfri, 142 g",Krutonger Hvitløk & Løk,"kr 46,70",Middagstilbehør,"kr 328,87 per kg"
Middager og tilbehør,50 g,Krutonger Caesar,"kr 15,50",Middagstilbehør,"kr 310,00 per kg"
Is og desserter,"Økologisk, 0,5 l",Vaniljeis med Sjokoladebiter,"kr 49,00",Is i boks,"kr 98,00 per l"
Is og desserter,"0,5 l",Salt Karamellis med Pecan,"kr 69,90",Is i boks,"kr 139,80 per l"
Is og desserter,"0,8 l",Lykken Riskrem,"kr 49,90",Is i boks,"kr 62,38 per l"
Pålegg,110 g,Kalkunfilet Med Grovkvernet Pepper,"kr 34,10",Kjøtt- og kyllingpålegg,"kr 310,00 per kg"
Pålegg,110 g,Kalkunfilet Naturell,"kr 35,40",Kjøtt- og kyllingpålegg,"kr 321,82 per kg"
Pålegg,110 g,Kalkunfilet Røkt Skivet,"kr 39,30",Kjøtt- og kyllingpålegg,"kr 357,27 per kg"
Pålegg,100 g,Okserull,"kr 32,20",Kjøtt- og kyllingpålegg,"kr 322,00 per kg"
Pålegg,100 g,Sylte Oppskåret,"kr 30,10",Kjøtt- og kyllingpålegg,"kr 301,00 per kg"
Pålegg,100 g,Tungerull Oppskåret,"kr 47,90",Kjøtt- og kyllingpålegg,"kr 479,00 per kg"
Middager og tilbehør,50 g,Krutonger med Tomat & Basilikum,"kr 31,40",Middagstilbehør,"kr 628,00 per kg"
Pålegg,400 g,Falukorv,"kr 48,40",Kjøtt- og kyllingpålegg,"kr 121,00 per kg"
Pålegg,400 g,Falukorv Snabb,"kr 56,00",Kjøtt- og kyllingpålegg,"kr 140,00 per kg"
Pålegg,450 g,Kalkunkorv,"kr 43,80",Kjøtt- og kyllingpålegg,"kr 97,33 per kg"
Pizza og taco,"Taste Lab, 185 g",Salsa Chipotle,"kr 21,00",Taco,"kr 113,51 per kg"
Pizza og taco,"Taste Lab, 175 g",Salsa Verde,"kr 15,90",Taco,"kr 90,86 per kg"
Pizza og taco,"Mild, 165 g",Totensalsa ælminnelig,"kr 32,10",Taco,"kr 194,55 per kg"
Pizza og taco,"Medium, 165 g",Totensalsa kvass,"kr 32,90",Taco,"kr 199,39 per kg"
Pizza og taco,240 g,Plantebasert Stekt Mince,"kr 39,40",Taco,"kr 164,17 per kg"
Pizza og taco,300 g,Revet Ost Original,"kr 48,80",Taco,"kr 162,67 per kg"
Clas Ohlson-butikken,"Cotech, 1 stk",Bitssett 31 deler,"kr 129,90",Verktøy,"kr 129,90 per stk"
Clas Ohlson-butikken,"7,2V, 1 stk",Håndstøvsuger,"kr 329,90",Rengjøring,"kr 329,90 per stk"
Clas Ohlson-butikken,1 stk,Hammer 16oz,"kr 169,90",Verktøy,"kr 169,90 per stk"
Clas Ohlson-butikken,"Cs140, Cocraft, 1 stk",Heftepistol,"kr 249,90",Verktøy,"kr 249,90 per stk"
Clas Ohlson-butikken,650 stk,Klammer Type 140 10mm,"kr 99,90",Verktøy,"kr 0,15 per stk"
Clas Ohlson-butikken,"Blå, 1 stk",Juniorens verktøysett,"kr 249,90",Verktøy,"kr 249,90 per stk"
Clas Ohlson-butikken,"Cocraft, 1 stk",Målebånd 5m,"kr 119,90",Verktøy,"kr 119,90 per stk"
Clas Ohlson-butikken,"670 deler, 1 stk",Skrue og pluggsett,"kr 149,90",Verktøy,"kr 149,90 per stk"
Clas Ohlson-butikken,"Cocraft, 1 stk",Skrutrekkersett 7 deler,"kr 209,90",Verktøy,"kr 209,90 per stk"
Clas Ohlson-butikken,1 stk,Verktøykasse M/ Verktøy,"kr 249,90",Verktøy,"kr 249,90 per stk"
Clas Ohlson-butikken,250 ml,Silikonspray,"kr 99,90",Verktøy,"kr 399,60 per l"
Clas Ohlson-butikken,"Gra, 1 stk",Oppvaskunderlag,"kr 79,90",Rengjøring,"kr 79,90 per stk"
Clas Ohlson-butikken,24 stk,Klesklyper Tre,"kr 39,90",Rengjøring,"kr 1,66 per stk"
Clas Ohlson-butikken,2 stk,Oppvaskmaskinrens,"kr 49,90",Rengjøring,"kr 24,95 per stk"
Clas Ohlson-butikken,2 stk,Vaskemaskinrens,"kr 49,90",Rengjøring,"kr 24,95 per stk"
Clas Ohlson-butikken,1 stk,Strykejern Coline,"kr 349,90",Rengjøring,"kr 349,90 per stk"
Clas Ohlson-butikken,1 stk,Strykejern Philips Gc2994,"kr 599,00",Rengjøring,"kr 599,00 per stk"
Clas Ohlson-butikken,1 stk,Avisningsklut fryser,"kr 99,90",Rengjøring,"kr 99,90 per stk"
Clas Ohlson-butikken,1 stk,Feiesett,"kr 59,90",Rengjøring,"kr 59,90 per stk"
Clas Ohlson-butikken,3 stk,Flaskebørste,"kr 49,90",Rengjøring,"kr 16,63 per stk"
Clas Ohlson-butikken,1 stk,Personvekt Svart,"kr 219,90",Personlig pleie,"kr 219,90 per stk"
Clas Ohlson-butikken,1 stk,Frontlykt sykkel led oppladbar,"kr 199,90",Verktøy,"kr 199,90 per stk"
Mel og bakeingredienser,250 g,Kokosmasse,"kr 19,30",Baketilbehør,"kr 77,20 per kg"
Clas Ohlson-butikken,4 stk,Kjøkkenhåndkle Grå/hvit,"kr 59,90",Rengjøring,"kr 14,98 per stk"
Clas Ohlson-butikken,1 stk,Rengjøringsmiddel keramisk topp,"kr 49,90",Rengjøring,"kr 49,90 per stk"
Clas Ohlson-butikken,1 stk,Twinner universal støvsugermunnstykke,"kr 219,90",Rengjøring,"kr 219,90 per stk"
Clas Ohlson-butikken,1 stk,Tannbørste Frozen,"kr 299,90",Personlig pleie,"kr 299,90 per stk"
Clas Ohlson-butikken,4 stk,Børstehode Frozen,"kr 199,90",Personlig pleie,"kr 49,98 per stk"
Clas Ohlson-butikken,1 stk,Eltannbørste Star Wars,"kr 299,90",Personlig pleie,"kr 299,90 per stk"
Clas Ohlson-butikken,4 stk,Børstehode Star Wars,"kr 199,90",Personlig pleie,"kr 49,98 per stk"
Clas Ohlson-butikken,1 stk,Eltannbørste Oral B Smart 4200S,"kr 998,00",Personlig pleie,"kr 998,00 per stk"
Clas Ohlson-butikken,"Keratin, 1 stk",Hårføner,"kr 549,00",Personlig pleie,"kr 549,00 per stk"
Clas Ohlson-butikken,"Philips S5050/06, 1 stk",Barbermaskin,"kr 1298,00",Personlig pleie,"kr 1298,00 per stk"
Clas Ohlson-butikken,1 stk,Værstasjon med fargeskjerm,"kr 499,90",Elektronikk,"kr 499,90 per stk"
Frukt og grønt,"Rå, Usaltet, 130 g",Økologiske Hasselnøtter,"kr 52,80","Frø, nøtter og tørket frukt","kr 406,15 per kg"
Mel og bakeingredienser,500 g,Marsipan,"kr 27,40",Baketilbehør,"kr 54,80 per kg"
Mel og bakeingredienser,400 g,Ekte Marsipan,"kr 67,40",Baketilbehør,"kr 168,50 per kg"
Mel og bakeingredienser,300 g,Fondantlokk,"kr 95,90",Baketilbehør,"kr 319,67 per kg"
Mel og bakeingredienser,"Til Syltetøy, 45 g",Jam Frysepulver,"kr 19,60",Baketilbehør,"kr 435,56 per kg"
Mel og bakeingredienser,"Med Romsmak, 0,5 l",Piano Kakekrem,"kr 33,40",Baketilbehør,"kr 66,80 per l"
Mel og bakeingredienser,120 g,Kulørt Marengs,"kr 25,20",Baketilbehør,"kr 210,00 per kg"
Mel og bakeingredienser,100 g,Sukat,"kr 23,60",Baketilbehør,"kr 236,00 per kg"
Clas Ohlson-butikken,1 stk,Elektrisk Barberhøvel Oneblade,"kr 349,90",Personlig pleie,"kr 349,90 per stk"
Clas Ohlson-butikken,75 ml,Balsam Lyko Vegan,"kr 29,90",Personlig pleie,"kr 398,67 per l"
Clas Ohlson-butikken,75 ml,Dusjsåpe Lyko Vegan,"kr 29,90",Personlig pleie,"kr 398,67 per l"
Clas Ohlson-butikken,"Nøytral, 1 stk",Leppepomade Lyko Vegan,"kr 29,90",Personlig pleie,"kr 29,90 per stk"
Clas Ohlson-butikken,75 ml,Shampo Lyko Vegan,"kr 29,90",Personlig pleie,"kr 398,67 per l"
Clas Ohlson-butikken,"3x forstørrelse, 1 stk",Speil,"kr 99,90",Personlig pleie,"kr 99,90 per stk"
Clas Ohlson-butikken,1 stk,Tørrshampo 75ml vegan,"kr 29,90",Personlig pleie,"kr 29,90 per stk"
Clas Ohlson-butikken,1 stk,Google Home Mini Hvit,"kr 549,00",Elektronikk,"kr 549,00 per stk"
Clas Ohlson-butikken,"Norsk versjon, 1 stk",Google Home stemmeassistent,"kr 799,00",Elektronikk,"kr 799,00 per stk"
Clas Ohlson-butikken,"iPod/iPhone/iPad, 1 stk",Synkkabel Lightning hvit,"kr 159,90",Elektronikk,"kr 159,90 per stk"
Clas Ohlson-butikken,"Hvit, 1 stk",Synkkabel Micro-USB,"kr 149,90",Elektronikk,"kr 149,90 per stk"
Clas Ohlson-butikken,1 stk,Powerbank 3350 mAh,"kr 99,90",Elektronikk,"kr 99,90 per stk"
Clas Ohlson-butikken,1 stk,Powerbank Usb-c 10050mah,"kr 399,90",Elektronikk,"kr 399,90 per stk"
Clas Ohlson-butikken,"iPod/iPhone/iPad, 1 stk",USB-lader Lightning 230v,"kr 199,90",Elektronikk,"kr 199,90 per stk"
Frukt og grønt,"Uten Skall, 180 g",Økologiske Hempfrø,"kr 52,80","Frø, nøtter og tørket frukt","kr 293,33 per kg"
Frukt og grønt,240 g,Økologiske Hvite Morbær,"kr 52,80","Frø, nøtter og tørket frukt","kr 220,00 per kg"
Frukt og grønt,"Rå, Usaltet, 150 g",Økologiske Paranøtter,"kr 52,80","Frø, nøtter og tørket frukt","kr 352,00 per kg"
Frukt og grønt,"Rå, Usaltet, 70 g",Økologiske Pekannøtter,"kr 52,80","Frø, nøtter og tørket frukt","kr 754,29 per kg"
Frukt og grønt,440 g,Økologiske Sultana Rosiner,"kr 49,70","Frø, nøtter og tørket frukt","kr 112,95 per kg"
Frukt og grønt,125 g,Økologiske Tørkede Gojibær,"kr 52,80","Frø, nøtter og tørket frukt","kr 422,40 per kg"
Frukt og grønt,200 g,Økologiske Tranebær,"kr 49,70","Frø, nøtter og tørket frukt","kr 248,50 per kg"
Frukt og grønt,150 g,Økologiske Valnøtter,"kr 47,50","Frø, nøtter og tørket frukt","kr 316,67 per kg"
Frukt og grønt,400 g,Økologisk Fullkorncouscous,"kr 28,50","Frø, nøtter og tørket frukt","kr 71,25 per kg"
Mel og bakeingredienser,10 ml,Vaniljeessens,"kr 23,80",Baketilbehør,"kr 2380,00 per l"
Mel og bakeingredienser,10 ml,Mandelessens,"kr 24,60",Baketilbehør,"kr 2460,00 per l"
Mel og bakeingredienser,10 ml,Romessens,"kr 23,50",Baketilbehør,"kr 2350,00 per l"
Mel og bakeingredienser,90 g,Sukkerkulør Flytende,"kr 15,80",Baketilbehør,"kr 175,56 per kg"
Mel og bakeingredienser,50 stk,Muffinsformer Design,"kr 37,20",Baketilbehør,"kr 0,74 per stk"
Mel og bakeingredienser,10 stk,Gelatinplater,"kr 10,80",Baketilbehør,"kr 1,08 per stk"
Mel og bakeingredienser,65 g,Gelatinpulver,"kr 39,60",Baketilbehør,"kr 609,23 per kg"
Mel og bakeingredienser,25 g,Gelatinpulver,"kr 14,40",Baketilbehør,"kr 576,00 per kg"
Mel og bakeingredienser,23 g,Gimsøy Sitronsyre,"kr 17,80",Baketilbehør,"kr 773,91 per kg"
Mel og bakeingredienser,"Med Jod, 1 kg",Jozo Fint Salt,"kr 8,60",Baketilbehør,"kr 8,60 per kg"
Frukt og grønt,184 g,Sjampinjong Skivet,"kr 5,20",Hermetisert frukt og grønt,"kr 28,26 per kg"
Clas Ohlson-butikken,1 stk,Usb-c Til Hdmi-adapter,"kr 299,90",Elektronikk,"kr 299,90 per stk"
Clas Ohlson-butikken,"iPod/iPhone/iPad, 1 stk",Lightning V-lader 12v,"kr 199,90",Elektronikk,"kr 199,90 per stk"
Clas Ohlson-butikken,"1m, sort, 1 stk",Micro USB-lader 230V,"kr 159,90",Elektronikk,"kr 159,90 per stk"
Clas Ohlson-butikken,"1,8m, 1 stk",USB-A til USB-C-kabel,"kr 199,90",Elektronikk,"kr 199,90 per stk"
Clas Ohlson-butikken,1 stk,Mini-DisplayPort til HDMI-adapter,"kr 349,90",Elektronikk,"kr 349,90 per stk"
Clas Ohlson-butikken,"2 meter, 1 stk",HDMI-kabel,"kr 199,90",Elektronikk,"kr 199,90 per stk"
Clas Ohlson-butikken,"Svart, 1 stk",Hodetelefon med mikrofon,"kr 119,90",Elektronikk,"kr 119,90 per stk"
Clas Ohlson-butikken,1 stk,12v USB Lader Micro-USB,"kr 159,90",Elektronikk,"kr 159,90 per stk"
Frukt og grønt,300 g,Økologisk Hirse,"kr 52,80","Frø, nøtter og tørket frukt","kr 176,00 per kg"
Frukt og grønt,350 g,Økologisk Hvit Quinoa,"kr 52,80","Frø, nøtter og tørket frukt","kr 150,86 per kg"
Frukt og grønt,"Rå, Usaltet, 150 g",Økologisk Nøttemiks,"kr 52,80","Frø, nøtter og tørket frukt","kr 352,00 per kg"
Frukt og grønt,350 g,Økologisk Quinoamix,"kr 52,80","Frø, nøtter og tørket frukt","kr 150,86 per kg"
Frukt og grønt,175 g,Paranøtter  usaltede,"kr 52,80","Frø, nøtter og tørket frukt","kr 301,71 per kg"
Frukt og grønt,"Ristet & Saltet, 1 kg",Peanøtter,"kr 84,70","Frø, nøtter og tørket frukt","kr 84,70 per kg"
Frukt og grønt,"Ristet, Usaltet, 1 kg",Peanøtter,"kr 84,70","Frø, nøtter og tørket frukt","kr 84,70 per kg"
Frukt og grønt,"Ristet, Usaltet, 260 g",Peanøtter,"kr 21,00","Frø, nøtter og tørket frukt","kr 80,77 per kg"
Frukt og grønt,"Nøtteliten, Kina, 50 g",Pinjekjerner,"kr 33,20","Frø, nøtter og tørket frukt","kr 664,00 per kg"
Mel og bakeingredienser,"Uten Jod, 1 kg",Jozo Fint Salt,"kr 8,60",Baketilbehør,"kr 8,60 per kg"
Mel og bakeingredienser,160 g,Football Decor Kit,"kr 63,60",Baketilbehør,"kr 397,50 per kg"
Mel og bakeingredienser,45 g,Syltepulver,"kr 18,80",Baketilbehør,"kr 417,78 per kg"
Mel og bakeingredienser,37 g,Kakefyll med Romsmak,"kr 16,30",Baketilbehør,"kr 440,54 per kg"
Mel og bakeingredienser,37 g,Kakefyll Vanilje,"kr 14,60",Baketilbehør,"kr 394,59 per kg"
Mel og bakeingredienser,400 g,Oreo Knust Kjeks,"kr 56,00",Baketilbehør,"kr 140,00 per kg"
Frukt og grønt,370 g,Kalamata-Oliven Uten Sten,"kr 51,80",Hermetisert frukt og grønt,"kr 140,00 per kg"
Frukt og grønt,370 g,Oliven Grønn Med Paprika,"kr 65,80",Hermetisert frukt og grønt,"kr 177,84 per kg"
Frukt og grønt,"Økologisk, 230 g",Kalamata-Oliven,"kr 62,80",Hermetisert frukt og grønt,"kr 273,04 per kg"
Frukt og grønt,230 g,Fetaostfylte Grønne Oliven,"kr 61,40",Hermetisert frukt og grønt,"kr 266,96 per kg"
Frukt og grønt,230 g,Sorte Oliven Uten Sten,"kr 27,40",Hermetisert frukt og grønt,"kr 119,13 per kg"
Frukt og grønt,340 g,Oliven Sort Uten Sten,"kr 19,10",Hermetisert frukt og grønt,"kr 56,18 per kg"
Frukt og grønt,340 g,Oliven Grønn Uten Sten,"kr 17,90",Hermetisert frukt og grønt,"kr 52,65 per kg"
Clas Ohlson-butikken,1 stk,Trådløs mus,"kr 139,90",Elektronikk,"kr 139,90 per stk"
Clas Ohlson-butikken,1 stk,Trådløst tastatur og mus,"kr 249,90",Elektronikk,"kr 249,90 per stk"
Clas Ohlson-butikken,1 stk,Frontlykt sykkel led oppladbar,"kr 199,90",Elektronikk,"kr 199,90 per stk"
Clas Ohlson-butikken,1 stk,Reiseadapter Europa til USA,"kr 99,90",Elektronikk,"kr 99,90 per stk"
Clas Ohlson-butikken,1 stk,Reiseadapter Europa-UK,"kr 99,90",Elektronikk,"kr 99,90 per stk"
Clas Ohlson-butikken,1 stk,Skjøteledning utendørs 10 meter,"kr 209,90",Elektronikk,"kr 209,90 per stk"
Frukt og grønt,"Rå, Usaltet, 85 g",Pistasjkjerner,"kr 52,80","Frø, nøtter og tørket frukt","kr 621,18 per kg"
Frukt og grønt,300 g,Polly Peanøtter Lettsaltet,"kr 33,00","Frø, nøtter og tørket frukt","kr 110,00 per kg"
Frukt og grønt,500 g,Quinoamix,"kr 49,70","Frø, nøtter og tørket frukt","kr 99,40 per kg"
Frukt og grønt,"usaltet, 125 g",Rå Pekanøtter,"kr 52,80","Frø, nøtter og tørket frukt","kr 422,40 per kg"
Frukt og grønt,"Med Skall, 250 g",Rå Sesamfrø,"kr 31,60","Frø, nøtter og tørket frukt","kr 126,40 per kg"
Frukt og grønt,185 g,Rå Sorte Sesamfrø,"kr 36,90","Frø, nøtter og tørket frukt","kr 199,46 per kg"
Frukt og grønt,50 g,Rema 1000 Proteinmix,"kr 10,60","Frø, nøtter og tørket frukt","kr 212,00 per kg"
Frukt og grønt,175 g,Røkte Og Salte Mandler,"kr 47,50","Frø, nøtter og tørket frukt","kr 271,43 per kg"
Mel og bakeingredienser,"Økologisk, 333 g",Agavesirup Chantico Wild,"kr 70,90",Baketilbehør,"kr 212,91 per kg"
Mel og bakeingredienser,250 g,Agavesirup Økologisk,"kr 57,10",Baketilbehør,"kr 228,40 per kg"
Mel og bakeingredienser,190 g,Baking Cocoa,"kr 45,70",Baketilbehør,"kr 240,53 per kg"
Mel og bakeingredienser,"3 x 10g, 30 g",Cream Fix,"kr 14,70",Baketilbehør,"kr 490,00 per kg"
Mel og bakeingredienser,450 ml,Daddelsirup,"kr 45,60",Baketilbehør,"kr 101,33 per l"
Mel og bakeingredienser,210 stk,Muffinsformer,"kr 22,40",Baketilbehør,"kr 0,11 per stk"
Mel og bakeingredienser,45 stk,Muffinsformer,"kr 30,60",Baketilbehør,"kr 0,68 per stk"
Mel og bakeingredienser,24 stk,Muffinsformer Store,"kr 31,60",Baketilbehør,"kr 1,32 per stk"
Frukt og grønt,340 g,Grønn Oliven Med Paprika,"kr 21,20",Hermetisert frukt og grønt,"kr 62,35 per kg"
Frukt og grønt,130 g,Kalamata Oliven,"kr 31,20",Hermetisert frukt og grønt,"kr 240,00 per kg"
Frukt og grønt,681 g,Ananas i Skiver 3-pk,"kr 26,80",Hermetisert frukt og grønt,"kr 39,35 per kg"
Frukt og grønt,565 g,Ananas i Biter,"kr 17,10",Hermetisert frukt og grønt,"kr 30,27 per kg"
Frukt og grønt,681 g,Ananas i Biter,"kr 23,90",Hermetisert frukt og grønt,"kr 35,10 per kg"
Frukt og grønt,820 g,Fruktcocktail,"kr 20,80",Hermetisert frukt og grønt,"kr 25,37 per kg"
Frukt og grønt,460 g,Halve Pærer,"kr 24,20",Hermetisert frukt og grønt,"kr 52,61 per kg"
Frukt og grønt,"Hermetisk, 312 g",Mandariner,"kr 10,00",Hermetisert frukt og grønt,"kr 32,05 per kg"
Clas Ohlson-butikken,1 stk,Wifi smartplug,"kr 299,90",Elektronikk,"kr 299,90 per stk"
Frukt og grønt,"6 pakker, 255 g",Rosiner,"kr 23,60","Frø, nøtter og tørket frukt","kr 92,55 per kg"
Frukt og grønt,"6 x 37,7g, 226,2 g",Rosiner Sour Strawberry,"kr 38,60","Frø, nøtter og tørket frukt","kr 170,65 per kg"
Frukt og grønt,"6 x 37,7g, 226,2 g",Rosiner Sour Watermelon,"kr 38,60","Frø, nøtter og tørket frukt","kr 170,65 per kg"
Frukt og grønt,35 g,Småsulten Maisnøtter,"kr 16,40","Frø, nøtter og tørket frukt","kr 468,57 per kg"
Frukt og grønt,180 g,Småsulten Nøtter & Frukt,"kr 41,90","Frø, nøtter og tørket frukt","kr 232,78 per kg"
Frukt og grønt,160 g,Tørkede Gojibær,"kr 74,00","Frø, nøtter og tørket frukt","kr 462,50 per kg"
Frukt og grønt,50 g,Turmix M/Sjokolade,"kr 12,70","Frø, nøtter og tørket frukt","kr 254,00 per kg"
Mel og bakeingredienser,100 g,Natron,"kr 27,40",Baketilbehør,"kr 274,00 per kg"
Mel og bakeingredienser,397 g,Tørsleffs Kondensert Melk,"kr 66,80",Baketilbehør,"kr 168,26 per kg"
Mel og bakeingredienser,50 ml,Vanilla Bean Extract,"kr 61,40",Baketilbehør,"kr 1228,00 per l"
Mel og bakeingredienser,20 stk,Muffinsformer med Stickers,"kr 19,30",Baketilbehør,"kr 0,97 per stk"
Mel og bakeingredienser,230 g,Cocktailbær,"kr 39,20",Baketilbehør,"kr 170,43 per kg"
Mel og bakeingredienser,"Piskbar, 5 dl",Piano Pavlovakrem,"kr 36,90",Baketilbehør,"kr 73,80 per l"
Frukt og grønt,410 g,Aprikoser Halve,"kr 16,50",Hermetisert frukt og grønt,"kr 40,24 per kg"
Frukt og grønt,455 g,Nora Sviskekompott,"kr 22,40",Hermetisert frukt og grønt,"kr 49,23 per kg"
Frukt og grønt,465 g,Aprikoskompott,"kr 31,80",Hermetisert frukt og grønt,"kr 68,39 per kg"
Frukt og grønt,465 g,Kirsebærkompott,"kr 28,40",Hermetisert frukt og grønt,"kr 61,08 per kg"
Frukt og grønt,"Økologisk, 250 g",Tahin Mørk Uten Salt,"kr 50,70",Hermetisert frukt og grønt,"kr 202,80 per kg"
Frukt og grønt,300 g,Tahina Lys,"kr 51,90",Hermetisert frukt og grønt,"kr 173,00 per kg"
Frukt og grønt,120 g,Jalapeños,"kr 20,60",Hermetisert frukt og grønt,"kr 171,67 per kg"
Frukt og grønt,250 g,Jalapenos,"kr 21,80",Hermetisert frukt og grønt,"kr 87,20 per kg"
Frukt og grønt,"Taste Lab, 220 g",Jalapeños Rød i Skiver,"kr 17,40",Hermetisert frukt og grønt,"kr 79,09 per kg"
Frukt og grønt,850 g,Mangopuré,"kr 51,80",Hermetisert frukt og grønt,"kr 60,94 per kg"
Frukt og grønt,450 g,Surkål,"kr 17,00",Hermetisert frukt og grønt,"kr 37,78 per kg"
Frukt og grønt,450 g,Rødkål,"kr 17,80",Hermetisert frukt og grønt,"kr 39,56 per kg"
Frukt og grønt,450 g,Rødkål,"kr 8,30",Hermetisert frukt og grønt,"kr 18,44 per kg"
Frukt og grønt,450 g,Surkål,"kr 7,50",Hermetisert frukt og grønt,"kr 16,67 per kg"
Frukt og grønt,55 g,Madagaskar Pepperkorn,"kr 36,30",Hermetisert frukt og grønt,"kr 660,00 per kg"
Frukt og grønt,"Pimientos, 290 g",Rød paprika med hvitløk,"kr 48,40",Hermetisert frukt og grønt,"kr 166,90 per kg"
Frukt og grønt,350 g,Paradiso Ajvar,"kr 31,10",Hermetisert frukt og grønt,"kr 88,86 per kg"
Frukt og grønt,460 g,Auberginepuré,"kr 33,20",Hermetisert frukt og grønt,"kr 72,17 per kg"
Frukt og grønt,390 g,Diamante artisjokkhjerter,"kr 51,40",Hermetisert frukt og grønt,"kr 131,79 per kg"
Frukt og grønt,25 g,Snackoliven Chilli & Black Pepper,"kr 27,90",Hermetisert frukt og grønt,"kr 1116,00 per kg"
Frukt og grønt,65 g,Grønne Snackoliven,"kr 23,80",Hermetisert frukt og grønt,"kr 366,15 per kg"
Frukt og grønt,"Økologisk, 150 g",Organic Olives Pitted Green,"kr 55,80",Hermetisert frukt og grønt,"kr 372,00 per kg"
Frukt og grønt,200 g,Chili Con Queso,"kr 40,50",Hermetisert frukt og grønt,"kr 202,50 per kg"
Frukt og grønt,150 g,Greske Oliven Fylt Med Ost,"kr 50,90",Hermetisert frukt og grønt,"kr 339,33 per kg"
Pålegg,300 g,Kyllingkorv,"kr 26,00",Kjøtt- og kyllingpålegg,"kr 86,67 per kg"
Frukt og grønt,150 g,Greske oliven Provencale,"kr 44,60",Hermetisert frukt og grønt,"kr 297,33 per kg"
Frukt og grønt,160 g,Pestooliven,"kr 37,30",Hermetisert frukt og grønt,"kr 233,13 per kg"
Frukt og grønt,"Med Urtemarinade, 160 g",Haldikioliven,"kr 38,40",Hermetisert frukt og grønt,"kr 240,00 per kg"
Frukt og grønt,160 g,Marinerte Hvitløksfedd,"kr 38,40",Hermetisert frukt og grønt,"kr 240,00 per kg"
Frukt og grønt,100 g,Økologiske Grønne Hvitløksoliven,"kr 36,30",Hermetisert frukt og grønt,"kr 363,00 per kg"
Frukt og grønt,150 g,Soltørkede Tomater Med Urtemarinade,"kr 36,30",Hermetisert frukt og grønt,"kr 242,00 per kg"
Frukt og grønt,100 g,Økologiske Soltørkede Tomater,"kr 36,30",Hermetisert frukt og grønt,"kr 363,00 per kg"
Frukt og grønt,200 g,Oliven Con Queso,"kr 41,50",Hermetisert frukt og grønt,"kr 207,50 per kg"
Pålegg,250 g,Telepølse,"kr 40,70",Kjøtt- og kyllingpålegg,"kr 162,80 per kg"
Pålegg,100 g,Lammerull Skivet,"kr 41,80",Kjøtt- og kyllingpålegg,"kr 418,00 per kg"
Pålegg,100 g,Okserull Skivet,"kr 32,80",Kjøtt- og kyllingpålegg,"kr 328,00 per kg"
Pålegg,150 g,Fleskepølse,"kr 36,30",Kjøtt- og kyllingpålegg,"kr 242,00 per kg"
Pålegg,"Vår Laveste Pris, 500 g",Kokt Skinke Sammenpresset,"kr 35,70",Kjøtt- og kyllingpålegg,"kr 71,40 per kg"
Pålegg,"Halal, 100 g",Kyllingbryst Pålegg,"kr 21,90",Kjøtt- og kyllingpålegg,"kr 219,00 per kg"
Pålegg,"Halal, 100 g",Kylling Servelat,"kr 23,00",Kjøtt- og kyllingpålegg,"kr 230,00 per kg"
Frukt og grønt,"uten sten, 240 g",Tapasoliven Store Gordal,"kr 34,90",Hermetisert frukt og grønt,"kr 145,42 per kg"
Mel og bakeingredienser,1 kg,Økologisk Kjempedurum Finmalt,"kr 69,90",Mel og sukker,"kr 69,90 per kg"
Middager og tilbehør,390 ml,Mak Kimchi,"kr 159,00",Middagstilbehør,"kr 407,69 per l"
Asiatisk,300 g,Laks Midloin,"kr 93,50",Sushi,"kr 311,67 per kg"
Asiatisk,"Vasket,Norge, 250 g",Wokmiks Premium,"kr 29,50",Wokgrønnsaker,"kr 118,00 per kg"
Mel og bakeingredienser,1 kg,Økologisk Landhvete Finmalt,"kr 36,90",Mel og sukker,"kr 36,90 per kg"
Mel og bakeingredienser,"Pizzamel, 1 kg",Nuvola Tipo 0,"kr 39,90",Mel og sukker,"kr 39,90 per kg"
Mel og bakeingredienser,1 kg,Siktet Hvetemel,"kr 19,90",Mel og sukker,"kr 19,90 per kg"
Middager og tilbehør,150 g,Paprikarøre,"kr 36,10",Middagstilbehør,"kr 240,67 per kg"
Middager og tilbehør,90 g,Pepperrot,"kr 34,20",Middagstilbehør,"kr 380,00 per kg"
Middager og tilbehør,"Danmark, 3 kg","Poteter uten Skall, Ferdig Kokt","kr 105,90",Middagstilbehør,"kr 35,30 per kg"
Middager og tilbehør,100 g,Potetmos med Gressløk og Melk,"kr 13,60",Middagstilbehør,"kr 136,00 per kg"
Middager og tilbehør,150 g,Potetmos Familiepose,"kr 19,80",Middagstilbehør,"kr 132,00 per kg"
Middager og tilbehør,700 g,Potetsalat,"kr 39,10",Middagstilbehør,"kr 55,86 per kg"
Middager og tilbehør,420 g,Potetsalat Crème Fraîche,"kr 33,20",Middagstilbehør,"kr 79,05 per kg"
Middager og tilbehør,"Tomat og Basilikum, 85 g",Quinoa Chips,"kr 39,10",Middagstilbehør,"kr 460,00 per kg"
Asiatisk,190 g,Sushi Ingefær,"kr 62,80",Sushi,"kr 330,53 per kg"
Asiatisk,145 g,Sushi Ginger,"kr 60,30",Sushi,"kr 415,86 per kg"
Asiatisk,150 ml,Saitaku riseddik,"kr 36,40",Sushi,"kr 242,67 per l"
Asiatisk,150 ml,Riseddik,"kr 46,10",Sushi,"kr 307,33 per l"
Asiatisk,150 ml,Sushi Su,"kr 39,60",Sushi,"kr 264,00 per l"
Asiatisk,250 ml,Kikkoman Sushi & Sashimisaus,"kr 56,90",Sushi,"kr 227,60 per l"
Asiatisk,150 ml,Sushi Soyasaus,"kr 49,80",Sushi,"kr 332,00 per l"
Asiatisk,125 g,Sushi Salat Wakame,"kr 25,90",Sushi,"kr 207,20 per kg"
Asiatisk,"Kenya, 200 g","Stekemix med Aspargesbrokkoli, Gulrot & Løk","kr 39,50",Wokgrønnsaker,"kr 197,50 per kg"
Asiatisk,"Norge/ Marokko, 200 g",Stekemix med Aspargesbønner Gulrot & Løk,"kr 39,50",Wokgrønnsaker,"kr 197,50 per kg"
Asiatisk,"Vasket, Norge/ Spania, 250 g",Pak Choi Wokmiks,"kr 31,60",Wokgrønnsaker,"kr 126,40 per kg"
Asiatisk,"Vasket, Norge, 200 g",Svartkål Wokmiks,"kr 27,50",Wokgrønnsaker,"kr 137,50 per kg"
Asiatisk,850 g,Wok Classic Big Pack,"kr 65,50",Wokgrønnsaker,"kr 77,06 per kg"
Asiatisk,500 g,Indisk-inspirert Wok,"kr 31,10",Wokgrønnsaker,"kr 62,20 per kg"
Middager og tilbehør,390 ml,Sauerkraut,"kr 169,00",Middagstilbehør,"kr 433,33 per l"
Middager og tilbehør,"Upasteurisert Surkål, 390 ml",Shivakraut,"kr 159,00",Middagstilbehør,"kr 407,69 per l"
Middager og tilbehør,"Norskprodusert, 200 g",Fersk Tofu,"kr 32,90",Middagstilbehør,"kr 164,50 per kg"
Middager og tilbehør,250 ml,Chili Majones,"kr 39,40",Middagstilbehør,"kr 157,60 per l"
Middager og tilbehør,"16 stk, 490 g",Yorkshire Pudding,"kr 69,90",Middagstilbehør,"kr 142,65 per kg"
Middager og tilbehør,230 ml,Eriks Aioli Med Lime,"kr 37,40",Middagstilbehør,"kr 162,61 per l"
Middager og tilbehør,1 dl,Fersk Aioli,"kr 31,60",Middagstilbehør,"kr 316,00 per l"
Middager og tilbehør,250 ml,Hvitløksmajones,"kr 39,40",Middagstilbehør,"kr 157,60 per l"
Middager og tilbehør,250 g,Sriracha Mayo,"kr 39,90",Middagstilbehør,"kr 159,60 per kg"
Asiatisk,"5 ark, 11 g",Sushi Nori,"kr 46,80",Sushi,"kr 4254,55 per kg"
Asiatisk,"Vingetang, 250 ml",Arctic Ocean Salad,"kr 129,00",Sushi,"kr 516,00 per l"
Asiatisk,"Knapptang, 250 ml",Spicy Seaspaghetti,"kr 129,00",Sushi,"kr 516,00 per l"
Asiatisk,500 g,Sushiris,"kr 64,20",Sushi,"kr 128,40 per kg"
Asiatisk,400 g,Edamame,"kr 29,80",Sushi,"kr 74,50 per kg"
Asiatisk,500 g,Thai-inspirert Wok,"kr 35,10",Wokgrønnsaker,"kr 70,20 per kg"
Asiatisk,500 g,Klassisk Wokblanding,"kr 25,30",Wokgrønnsaker,"kr 50,60 per kg"
Asiatisk,500 g,Brokkoliblanding,"kr 20,60",Wokgrønnsaker,"kr 41,20 per kg"
Asiatisk,"Fryst, 300 g",Aspargesbønner,"kr 19,80",Wokgrønnsaker,"kr 66,00 per kg"
Asiatisk,500 g,Brokkoli & Blomkål Blanding,"kr 25,10",Wokgrønnsaker,"kr 50,20 per kg"
Asiatisk,450 g,Brokkolitopper,"kr 16,30",Wokgrønnsaker,"kr 36,22 per kg"
Asiatisk,500 g,Krydret Bønneblanding,"kr 30,60",Wokgrønnsaker,"kr 61,20 per kg"
"Kaker, kjeks og desserter",120 g,Snackers Salt,,Kjeks,"kr 119,00 per kg"
"Kaker, kjeks og desserter",120 g,Snackers Salt & Pepper,"kr 26,80",Kjeks,"kr 223,33 per kg"
"Kaker, kjeks og desserter","Tomat & Oregano, 120 g",Brødsnacks,"kr 38,70",Kjeks,"kr 322,50 per kg"
"Kaker, kjeks og desserter","Hvitløk og Persille, 120 g",Brødsnacks,"kr 40,80",Kjeks,"kr 340,00 per kg"
"Kaker, kjeks og desserter","Glutenfri, 105 g",Snack,"kr 33,80",Kjeks,"kr 321,90 per kg"
"Kaker, kjeks og desserter","Glutenfri, 200 g",Choco Chip Cookie,"kr 32,40",Kjeks,"kr 162,00 per kg"
"Kaker, kjeks og desserter","Glutenfri, 60 g",Salinis - Salte Kringler,"kr 16,80",Kjeks,"kr 280,00 per kg"
"Kaker, kjeks og desserter","Glutenfri, 64,5 g",Twin Bar Sjokoladekjeks,"kr 31,80",Kjeks,"kr 493,02 per kg"
"Kaker, kjeks og desserter","Tomat og Basilikum, 85 g",Quinoa Chips,"kr 39,10",Kjeks,"kr 460,00 per kg"
"Kaker, kjeks og desserter",175 g,Ritz Tomat og Urter,"kr 28,40",Kjeks,"kr 162,29 per kg"
"Kaker, kjeks og desserter",125 g,Thins Caramelised Onion,"kr 36,90",Kjeks,"kr 295,20 per kg"
Barneprodukter,"Fra 4 mnd, 270 g",Min Grøt Mild Havre,"kr 46,20",Grøt,"kr 171,11 per kg"
"Kaker, kjeks og desserter",125 g,Thins Cheddar & Cracked Pepper,"kr 36,90",Kjeks,"kr 295,20 per kg"
"Kaker, kjeks og desserter",125 g,Thins Sweet Chilli,"kr 36,90",Kjeks,"kr 295,20 per kg"
"Kaker, kjeks og desserter","Glutenfri, 160 g",Chia Crackers,"kr 51,60",Kjeks,"kr 322,50 per kg"
"Kaker, kjeks og desserter","Glutenfri, 150 g",Cookie O`s,"kr 37,60",Kjeks,"kr 250,67 per kg"
"Kaker, kjeks og desserter",150 g,Speltkjeks,"kr 56,90",Kjeks,"kr 379,33 per kg"
"Kaker, kjeks og desserter",286 g,Julekalender,"kr 149,90",Kjeks,"kr 524,13 per kg"
"Kaker, kjeks og desserter",144 g,Oreo Snøbiter,"kr 54,90",Kjeks,"kr 381,25 per kg"
Barneprodukter,"Fra 4 mnd, 500 g",Spesialgrøt Sinlac,"kr 67,10",Grøt,"kr 134,20 per kg"
Barneprodukter,"Fra 4 mnd, 240 g",Min Glutenfri Grøt Eple & Banan,"kr 39,60",Grøt,"kr 165,00 per kg"
Barneprodukter,"Fra 6 mnd, 480 g",Min Grøt Havre Pære Banan,"kr 71,80",Grøt,"kr 149,58 per kg"
Barneprodukter,"Fra 6 mnd, 480 g",Min Grøt Mild Havre Bringebær,"kr 71,80",Grøt,"kr 149,58 per kg"
Barneprodukter,"Fra 6 mnd, 480 g",Min Grøt God Natt Havre,"kr 70,00",Grøt,"kr 145,83 per kg"
Barneprodukter,"Fra 8 mnd, 480 g",Min Grøt God Natt Fullkorn,"kr 71,80",Grøt,"kr 149,58 per kg"
Barneprodukter,"Fra 8 mnd, 480 g",Min Grøt Fullkorn Eple Gulrot,"kr 71,80",Grøt,"kr 149,58 per kg"
Asiatisk,110 g,Red Curry Paste,"kr 27,60",Wok,"kr 250,91 per kg"
Barneprodukter,"Fra 8 mnd, 480 g",Fullkorn Yoghurt Pære Banan,"kr 78,90",Grøt,"kr 164,38 per kg"
Barneprodukter,"Fra 8 mnd, 480 g",Min Grøt Havre Banan Mango,"kr 71,80",Grøt,"kr 149,58 per kg"
Barneprodukter,"Fra 1 år, 480 g",Fullkorn Eksotiske Frukter,"kr 81,90",Grøt,"kr 170,63 per kg"
Barneprodukter,"Fra 12 mnd, 750 g",Min Velling Fullkorn,"kr 79,80",Grøt,"kr 106,40 per kg"
Barneprodukter,"Fra 1-3 år, 480 g",Junior God Natt Fullkorn med Rug,"kr 64,80",Grøt,"kr 135,00 per kg"
Barneprodukter,"Fra 1,5 år, 480 g",Junior Fullkorn Jordbær Banan,"kr 71,80",Grøt,"kr 149,58 per kg"
Barneprodukter,"Fra 8 mnd 14 posjoner, 420 g",Mild Fullkornsgrøt med Banan & Plomme,"kr 81,70",Grøt,"kr 194,52 per kg"
Asiatisk,110 g,Grønn Curry Paste,"kr 27,60",Wok,"kr 250,91 per kg"
Asiatisk,110 g,Yellow Curry Paste,"kr 47,40",Wok,"kr 430,91 per kg"
Asiatisk,50 g,Green Curry Paste,"kr 26,30",Wok,"kr 526,00 per kg"
Asiatisk,50 g,Red Curry Paste,"kr 26,30",Wok,"kr 526,00 per kg"
Asiatisk,190 ml,Rich Hoisin Sauce,"kr 43,80",Wok,"kr 230,53 per l"
Asiatisk,150 ml,Oyster Sauce 150ml,"kr 30,10",Wok,"kr 200,67 per l"
Asiatisk,300 ml,Teriyaki Sauce,"kr 49,70",Wok,"kr 165,67 per l"
Asiatisk,200 ml,Oyster Sauce,"kr 33,90",Wok,"kr 169,50 per l"
Asiatisk,"Woksaus, 120 ml",Chop Suey,"kr 20,80",Wok,"kr 173,33 per l"
Barneprodukter,"fra 6 mnd, 14 posjoner, 420 g",Havregrøt,"kr 78,60",Grøt,"kr 187,14 per kg"
Barneprodukter,"8 mnd økologisk, 420 g",Fullkornsgrøt nøytral,"kr 74,50",Grøt,"kr 177,38 per kg"
Barneprodukter,"Fra 6 mnd, 480 g",Havregrøt Naturell,"kr 69,80",Grøt,"kr 145,42 per kg"
Barneprodukter,"Fra 6 mnd, 400 g",Melkefri Grøt Mais & Banan,"kr 95,90",Grøt,"kr 239,75 per kg"
Barneprodukter,"Fra 8 mnd, 480 g",Fullkorngrøt Pære & Banan,"kr 65,10",Grøt,"kr 135,63 per kg"
Barneprodukter,"Fra 12 mnd, 530 g",Fullkornsrøt Eple & Pære,"kr 79,80",Grøt,"kr 150,57 per kg"
Barneprodukter,"Fra 18 mnd, 250 g","Havregrøt, Bringebær & Yoghurt","kr 80,90",Grøt,"kr 323,60 per kg"
Barneprodukter,"Havre, Eple, Banan, Bringebær & Blåbær, 100 g",Organix Grøt,"kr 16,60",Grøt,"kr 166,00 per kg"
Barneprodukter,"Fra 6 mnd, 120 g",Grøt Eple & Fersken,"kr 18,80",Grøt,"kr 156,67 per kg"
Asiatisk,"Woksaus, 120 g",Black Pepper,"kr 19,20",Wok,"kr 160,00 per kg"
Asiatisk,"Woksaus, 120 g",Hoisin,"kr 22,40",Wok,"kr 186,67 per kg"
Asiatisk,120 g,Woksaus Coconut & Lime,"kr 19,20",Wok,"kr 160,00 per kg"
Asiatisk,"Woksaus, 120 g",Oyster Spring Onion,"kr 20,80",Wok,"kr 173,33 per kg"
Asiatisk,"Woksaus, 120 g",Sweet & Sour,"kr 19,90",Wok,"kr 165,83 per kg"
Asiatisk,"Woksaus, 120 g",Teriyaki,"kr 18,40",Wok,"kr 153,33 per kg"
Asiatisk,"Woksaus, 120 g",Sweet Chili,"kr 21,40",Wok,"kr 178,33 per kg"
Barneprodukter,"Fra 6 mnd, 120 g",Grøt Jordbær & Banan,"kr 24,00",Grøt,"kr 200,00 per kg"
Barneprodukter,"Fra 6 mnd, 120 g",Grøt Pære & Aprikos,"kr 20,00",Grøt,"kr 166,67 per kg"
Barneprodukter,"Fra 6 mnd, 90 g",Lev Vel Grøt Banan & Solbær,"kr 15,60",Grøt,"kr 173,33 per kg"
Barneprodukter,"Fra 6 mnd, 90 g",Lev Vel Grøt Mango & Kiwi,"kr 15,60",Grøt,"kr 173,33 per kg"
Barneprodukter,"Fra 6 mnd, 90 g",Lev Vel Grøt Skogsbær & Quinoa,"kr 15,60",Grøt,"kr 173,33 per kg"
Barneprodukter,"Økologisk, 110 g",Grøt Grønnsaksmoothie,"kr 22,10",Grøt,"kr 200,91 per kg"
Barneprodukter,"Økologisk, 110 g",Grøt Eple Blåbæsmoothie,"kr 23,10",Grøt,"kr 210,00 per kg"
Asiatisk,150 g,Pad Thai Wok,"kr 20,80",Wok,"kr 138,67 per kg"
Asiatisk,150 g,Soy & Sweet Chili Wok,"kr 22,60",Wok,"kr 150,67 per kg"
Asiatisk,120 g,Soya Sesam Asian Naturals Woksaus,"kr 21,40",Wok,"kr 178,33 per kg"
Asiatisk,120 g,Woksaus Lemongrass,"kr 21,40",Wok,"kr 178,33 per kg"
Asiatisk,120 g,Panko Breadcrumbs,"kr 47,50",Wok,"kr 395,83 per kg"
Asiatisk,150 g,Tempura Mix,"kr 63,40",Wok,"kr 422,67 per kg"
Asiatisk,450 g,Sweet & Sour Original,"kr 25,80",Wok,"kr 57,33 per kg"
Asiatisk,240 ml,Sweet & Sour Wok,"kr 33,00",Wok,"kr 137,50 per l"
Asiatisk,500 g,Sweet & Sour Saus,"kr 19,40",Wok,"kr 38,80 per kg"
Asiatisk,240 ml,Teriyaki Wok,"kr 32,30",Wok,"kr 134,58 per l"
Asiatisk,240 ml,Soya Sesam Wok,"kr 40,40",Wok,"kr 168,33 per l"
Asiatisk,240 ml,Chili Hvitløk Wok,"kr 33,00",Wok,"kr 137,50 per l"
Asiatisk,240 ml,Red Curry Wok,"kr 33,00",Wok,"kr 137,50 per l"
Asiatisk,240 ml,Lemongrass Wok,"kr 33,00",Wok,"kr 137,50 per l"
Asiatisk,80 g,Chili Paste,"kr 39,10",Wok,"kr 488,75 per kg"
Asiatisk,180 g,Sweet & Sour Woksaus,"kr 10,00",Wok,"kr 55,56 per kg"
Asiatisk,180 g,Red Curry Woksaus,"kr 10,00",Wok,"kr 55,56 per kg"
Kjøtt og kylling,"Hov Kjøtt, 500 g",Økologiske Medisterkaker,"kr 119,00",Kjøttboller og karbonader,"kr 238,00 per kg"
Kjøtt og kylling,1 kg,Kjøttkaker,"kr 109,10",Kjøttboller og karbonader,"kr 109,10 per kg"
Kjøtt og kylling,1 kg,Karbonader,"kr 109,80",Kjøttboller og karbonader,"kr 109,80 per kg"
Kjøtt og kylling,"Halal, 480 g",Karbonader,"kr 63,40",Kjøttboller og karbonader,"kr 132,08 per kg"
Kjøtt og kylling,800 g,Kjøttkaker Ferske,"kr 59,90",Kjøttboller og karbonader,"kr 74,88 per kg"
Kjøtt og kylling,"16 stk, 800 g",Kjøttkaker,"kr 94,90",Kjøttboller og karbonader,"kr 118,63 per kg"
Kjøtt og kylling,Ca 60 stk,Svenske Kjøttboller,"kr 91,70",Kjøttboller og karbonader,"kr 114,63 per kg"
Kjøtt og kylling,"Med Soltørket tomat og oliven, 300 g","Tapasboller av kylling,","kr 69,00",Kjøttboller og karbonader,"kr 230,00 per kg"
Kjøtt og kylling,"Halal, 400 g",Kyllingkjøttboller,"kr 45,40",Kjøttboller og karbonader,"kr 113,50 per kg"
Kjøtt og kylling,130 g,Spicy Kjøttboller Topping,"kr 20,00",Kjøttboller og karbonader,"kr 153,85 per kg"
Kjøtt og kylling,"Med Rødbet, 190 g",Fersk Falafel,"kr 44,80",Kjøttboller og karbonader,"kr 235,79 per kg"
Kjøtt og kylling,190 g,Fersk Falafel,"kr 44,80",Kjøttboller og karbonader,"kr 235,79 per kg"
Kjøtt og kylling,190 g,Fersk Falafel Brokkoli,"kr 41,60",Kjøttboller og karbonader,"kr 218,95 per kg"
Kjøtt og kylling,300 g,Falafel,"kr 42,80",Kjøttboller og karbonader,"kr 142,67 per kg"
Kjøtt og kylling,120 g,Peppes Originale Kjøttboller,"kr 30,10",Kjøttboller og karbonader,"kr 250,83 per kg"
Kjøtt og kylling,300 g,Kylling Nuggets,"kr 63,20",Kjøttboller og karbonader,"kr 210,67 per kg"
Kjøtt og kylling,900 g,XXL Kjøttboller,"kr 59,00",Kjøttboller og karbonader,"kr 65,56 per kg"
Kjøtt og kylling,900 g,Nuggets Av Kylling og svinekjøtt,"kr 100,60",Kjøttboller og karbonader,"kr 111,78 per kg"
Kjøtt og kylling,240 g,Plantebaserte Nuggets,"kr 41,50",Kjøttboller og karbonader,"kr 172,92 per kg"
Kjøtt og kylling,180 g,Crispy Nuggets,"kr 52,60",Kjøttboller og karbonader,"kr 292,22 per kg"
Kjøtt og kylling,300 g,Plant-based Nuggets,"kr 52,80",Kjøttboller og karbonader,"kr 176,00 per kg"
Kjøtt og kylling,240 g,Plantebaserte Stekte Boller,"kr 41,50",Kjøttboller og karbonader,"kr 172,92 per kg"
Kjøtt og kylling,"Liv Laga, 300 g",Miniboller med Hvitløk & Urter,"kr 42,90",Kjøttboller og karbonader,"kr 143,00 per kg"
Kjøtt og kylling,180 g,Schnitzel,"kr 52,60",Kjøttboller og karbonader,"kr 292,22 per kg"
Kjøtt og kylling,"4 stk, 500 g",Ostesnitzel,"kr 35,00",Kjøttboller og karbonader,"kr 70,00 per kg"
Kjøtt og kylling,300 g,Ostesteaklet Med Røkt Skinke,"kr 48,80",Kjøttboller og karbonader,"kr 162,67 per kg"
Kjøtt og kylling,500 g,Kjøttpudding,"kr 59,80",Kjøttboller og karbonader,"kr 119,60 per kg"
Kjøtt og kylling,500 g,Blodpølse Snabb,"kr 47,20",Kjøttboller og karbonader,"kr 94,40 per kg"
Kjøtt og kylling,105 g,Stjernebacon Tørrsaltet,"kr 36,80",Bacon og tilbehør,"kr 350,48 per kg"
Kjøtt og kylling,800 g,Karbonader Ferske,"kr 42,90",Kjøttboller og karbonader,"kr 53,63 per kg"
Kjøtt og kylling,500 g,Reinsdyrkaker,"kr 41,80",Kjøttboller og karbonader,"kr 83,60 per kg"
Kjøtt og kylling,Ca 9 stk,Karbonadekaker,"kr 91,80",Kjøttboller og karbonader,"kr 113,33 per kg"
Kjøtt og kylling,310 g,Grønnsaks Nuggets,"kr 47,50",Kjøttboller og karbonader,"kr 153,23 per kg"
Kjøtt og kylling,3 stk,Lunsjkaker,"kr 39,90",Kjøttboller og karbonader,"kr 147,78 per kg"
Kjøtt og kylling,"Med Løk, 5 stk",Grove karbonader,"kr 79,90",Kjøttboller og karbonader,"kr 177,56 per kg"
Kjøtt og kylling,3 stk,Elgkarbonader,"kr 49,90",Kjøttboller og karbonader,"kr 184,81 per kg"
Kjøtt og kylling,6 stk,Medisterkaker,"kr 59,90",Kjøttboller og karbonader,"kr 153,59 per kg"
Kjøtt og kylling,"16 stk, 192 g",No Bull Veganboller,"kr 69,90",Kjøttboller og karbonader,"kr 364,06 per kg"
Kjøtt og kylling,125 g,Bacon Skivet,"kr 29,90",Bacon og tilbehør,"kr 239,20 per kg"
Kjøtt og kylling,400 g,Bacon Uten Svor,"kr 83,10",Bacon og tilbehør,"kr 207,75 per kg"
Kjøtt og kylling,110 g,Tørrsaltet Bacon uten Svor,"kr 25,00",Bacon og tilbehør,"kr 227,27 per kg"
Kjøtt og kylling,150 g,Strynbacon,"kr 31,70",Bacon og tilbehør,"kr 211,33 per kg"
Kjøtt og kylling,140 g,Kalkunbacon Skivet,"kr 29,40",Bacon og tilbehør,"kr 210,00 per kg"
Kjøtt og kylling,110 g,Grilstad Lev Litt Lettere Filetbacon,"kr 33,80",Bacon og tilbehør,"kr 307,27 per kg"
Kjøtt og kylling,"Fryst, 500 g",Bacon Ternet,"kr 74,80",Bacon og tilbehør,"kr 149,60 per kg"
Kjøtt og kylling,80 g,Bacon Topping,"kr 20,00",Bacon og tilbehør,"kr 250,00 per kg"
Kjøtt og kylling,"2x150gr, 300 g",Ternet Bacon,"kr 47,00",Bacon og tilbehør,"kr 156,67 per kg"
Trening,4 stk,Smooth Caramel,"kr 100,70",Vektkontroll,"kr 25,18 per stk"
Kjøtt og kylling,"5% fett, 400 g",Karbonadedeig,"kr 71,00",Kjøttdeig og karbonadedeig,"kr 177,50 per kg"
Clas Ohlson-butikken,"Beurer FT65, 1 stk",Øre- og pannetermometer,"kr 399,90",Barneutstyr,"kr 399,90 per stk"
Kjøtt og kylling,250 g,Bacon i Terninger,"kr 45,90",Bacon og tilbehør,"kr 183,60 per kg"
Kjøtt og kylling,80 g,Smårettskinke Topping,"kr 20,00",Bacon og tilbehør,"kr 250,00 per kg"
Kjøtt og kylling,ca. 700 g,Fjordbacon,"kr 153,60",Bacon og tilbehør,"kr 219,43 per kg"
Kjøtt og kylling,ca. 680 g,Lettsaltet Sideflesk,"kr 179,10",Bacon og tilbehør,"kr 263,38 per kg"
Kjøtt og kylling,140 g,Stjernebacon,"kr 28,50",Bacon og tilbehør,"kr 203,57 per kg"
Kjøtt og kylling,400 g,Bacon Med Svor Oppskåret,"kr 39,90",Bacon og tilbehør,"kr 99,75 per kg"
Clas Ohlson-butikken,24 stk,Fargeblyanter FSC,"kr 99,90",Leker,"kr 4,16 per stk"
Clas Ohlson-butikken,"Bio, 80 stk",Hundeposer Asaklitt,"kr 49,90",Dyr & Fritid,"kr 0,62 per stk"
Trening,"0,5 kg",Intensiv Sjokolade Shake,"kr 248,90",Vektkontroll,"kr 497,80 per kg"
Trening,"4pk, 0,24 kg",Premium Dark Chocolate,"kr 95,50",Vektkontroll,"kr 397,92 per kg"
Trening,"2pk, 110 g",Chunky Peanut,"kr 56,80",Vektkontroll,"kr 516,36 per kg"
Trening,40 g,Toffee Fudge,"kr 33,40",Vektkontroll,"kr 835,00 per kg"
Kjøtt og kylling,"5%, 400 g",Karbonadedeig av Storfe,"kr 66,10",Kjøttdeig og karbonadedeig,"kr 165,25 per kg"
Kjøtt og kylling,400 g,Karbonadedeig Økologisk,"kr 105,60",Kjøttdeig og karbonadedeig,"kr 264,00 per kg"
Kjøtt og kylling,"5%, 400 g",Karbonadedeig av Storfe,"kr 72,30",Kjøttdeig og karbonadedeig,"kr 180,75 per kg"
Kjøtt og kylling,"Fryst, 400 g",Karbonadedeig Av Elg,"kr 139,00",Kjøttdeig og karbonadedeig,"kr 347,50 per kg"
Kjøtt og kylling,"u/salt og vann, 400 g",Kjøttdeig av Storfe 14%,,Kjøttdeig og karbonadedeig,"kr 136,20 per kg"
Kjøtt og kylling,"14% fett, 400 g",Kjøttdeig,"kr 59,50",Kjøttdeig og karbonadedeig,"kr 148,75 per kg"
Kjøtt og kylling,"Uten salt og vann, 400 g","Naturlig godt Kjøttdeig, økologisk","kr 71,80",Kjøttdeig og karbonadedeig,"kr 179,50 per kg"
Kjøtt og kylling,"14%, 400 g",Kjøttdeig,"kr 53,20",Kjøttdeig og karbonadedeig,"kr 133,00 per kg"
Kjøtt og kylling,400 g,Kjøttdeig Økologisk,"kr 96,00",Kjøttdeig og karbonadedeig,"kr 240,00 per kg"
Clas Ohlson-butikken,6 stk,Tekstilmerkepenn,"kr 59,90",Barneutstyr,"kr 9,98 per stk"
Clas Ohlson-butikken,"SCD 506, 1 stk",Babycall,"kr 998,00",Barneutstyr,"kr 998,00 per stk"
Clas Ohlson-butikken,6 stk,Skap og Skufflås,"kr 79,90",Barneutstyr,"kr 13,32 per stk"
Clas Ohlson-butikken,"For barn, Rosa, 1 stk",Trådløst headsett,"kr 499,90",Barneutstyr,"kr 499,90 per stk"
Clas Ohlson-butikken,"For barn, Blå, 1 stk",Trådløst headsett,"kr 499,90",Barneutstyr,"kr 499,90 per stk"
Clas Ohlson-butikken,50 stk,Telys 100% stearin,"kr 49,90",Forbruksvarer,"kr 1,00 per stk"
Kjøtt og kylling,325 g,Picnic Skinke,"kr 43,80",Bacon og tilbehør,"kr 134,77 per kg"
Kjøtt og kylling,500 g,Bogskinke,"kr 52,80",Bacon og tilbehør,"kr 105,60 per kg"
Kjøtt og kylling,"Skivet, 250 g",Fjellgrisbacon,"kr 89,90",Bacon og tilbehør,"kr 359,60 per kg"
Kjøtt og kylling,"I Stk, 250 g",Tørrsaltet bacon,"kr 119,00",Bacon og tilbehør,"kr 476,00 per kg"
Kjøtt og kylling,"i Skiver, 130 g",Bacon,"kr 39,90",Bacon og tilbehør,"kr 306,92 per kg"
Kjøtt og kylling,250 g,Lutefiskbacon,"kr 42,90",Bacon og tilbehør,"kr 171,60 per kg"
Kjøtt og kylling,"Skivet, 250 g",Nakkebacon av Fjellgris,"kr 79,90",Bacon og tilbehør,"kr 319,60 per kg"
Kjøtt og kylling,"Skivet, 250 g",Filetbacon av Fjellgris,"kr 74,90",Bacon og tilbehør,"kr 299,60 per kg"
Kjøtt og kylling,300 g,"Døgnvill Burger, 2-pak","kr 69,90",Hamburgere,"kr 233,00 per kg"
Kjøtt og kylling,"Strøm-Larsen, 1 kg",Lammekoteletter,"kr 249,00",Lam og vilt,"kr 249,00 per kg"
Trening,1 kg,100% Whey Protein Sjokolade,"kr 219,60",Proteinpulver og styrke,"kr 219,60 per kg"
Clas Ohlson-butikken,"24-pack, 1 stk",Modell-leire,"kr 149,90",Leker,"kr 149,90 per stk"
Clas Ohlson-butikken,"Blå, 1 stk",Juniorens verktøysett,"kr 249,90",Leker,"kr 249,90 per stk"
Clas Ohlson-butikken,1 stk,Drone X15A,"kr 399,90",Leker,"kr 399,90 per stk"
Clas Ohlson-butikken,1 stk,Rubiks Kube,"kr 169,90",Leker,"kr 169,90 per stk"
Clas Ohlson-butikken,1 stk,Maxi-yatzy,"kr 49,90",Leker,"kr 49,90 per stk"
Clas Ohlson-butikken,1 stk,Kortstokk,"kr 39,90",Leker,"kr 39,90 per stk"
Clas Ohlson-butikken,1 stk,Byggeklosser tre,"kr 199,90",Leker,"kr 199,90 per stk"
Clas Ohlson-butikken,1 stk,Klorematte,"kr 99,90",Dyr & Fritid,"kr 99,90 per stk"
Clas Ohlson-butikken,1 stk,Katteleke 3-pack,"kr 49,90",Dyr & Fritid,"kr 49,90 per stk"
Clas Ohlson-butikken,"Liten, 1 stk",Aktivitetsball for hund,"kr 49,90",Dyr & Fritid,"kr 49,90 per stk"
Clas Ohlson-butikken,"Stor, 1 stk",Aktivitetsball for hund,"kr 69,90",Dyr & Fritid,"kr 69,90 per stk"
Clas Ohlson-butikken,250 ml,Dyreshampo sensitive,"kr 69,90",Dyr & Fritid,"kr 279,60 per l"
Clas Ohlson-butikken,1 stk,Frontlykt sykkel led oppladbar,"kr 199,90",Dyr & Fritid,"kr 199,90 per stk"
Clas Ohlson-butikken,1 stk,Hundeleke med sugekopp,"kr 69,90",Dyr & Fritid,"kr 69,90 per stk"
Clas Ohlson-butikken,"2 liter, 1 stk",Hundematskål rustfri,"kr 69,90",Dyr & Fritid,"kr 69,90 per stk"
Clas Ohlson-butikken,"Str 41-44, 1 par",Isbrodd,"kr 129,90",Dyr & Fritid,"kr 129,90 per par"
Kjøtt og kylling,"14%, 400 g",Kjøttdeig av Storfe,"kr 62,30",Kjøttdeig og karbonadedeig,"kr 155,75 per kg"
Kjøtt og kylling,ca. 500 g,Økologisk Kyllingkjøttdeig,"kr 119,00",Kjøttdeig og karbonadedeig,"kr 238,00 per kg"
Kjøtt og kylling,400 g,Kvernet Deig Av Svin 8%,"kr 39,90",Kjøttdeig og karbonadedeig,"kr 99,75 per kg"
Kjøtt og kylling,325 g,Kjøttdeig Av 100% Kyllingfilet,"kr 38,20",Kjøttdeig og karbonadedeig,"kr 117,54 per kg"
Kjøtt og kylling,500 g,Kjøttfarse Snabb Frys,"kr 41,60",Kjøttdeig og karbonadedeig,"kr 83,20 per kg"
Kjøtt og kylling,500 g,Medisterfarse Snabb Frys,"kr 41,60",Kjøttdeig og karbonadedeig,"kr 83,20 per kg"
Kjøtt og kylling,1 kg,Kjøttdeig Fryst,"kr 135,10",Kjøttdeig og karbonadedeig,"kr 135,10 per kg"
Kjøtt og kylling,300 g,Vegan Sojafarse,"kr 52,00",Kjøttdeig og karbonadedeig,"kr 173,33 per kg"
Barneprodukter,"Fra 6 mnd, 3 stk",Smokk Original Silk Teat,"kr 95,30",Smokker og tåteflasker,"kr 31,77 per stk"
Trening,50 g,Yt Proteinbar Brownie,"kr 26,70",Proteinsnacks og vitamingodis,"kr 534,00 per kg"
Clas Ohlson-butikken,"LR06, 10 stk",Co-batteri AA,"kr 39,90",Batteri,"kr 3,99 per stk"
Trening,"0,33 l",Propud Milkshake Chocolate,"kr 29,80",Sportsdrikke,"kr 90,30 per l"
Barneprodukter,"Fra fødselen, 800 g",NAN Pro 1,"kr 147,70",Morsmelkerstatning,"kr 184,63 per kg"
Clas Ohlson-butikken,"Ekstra Sterk, 10 stk",Avfallsekker 160L,"kr 59,90",Forbruksvarer,"kr 5,99 per stk"
Clas Ohlson-butikken,"30L, 20 stk",Avfallsposer med Knytehåndtak,"kr 24,90",Forbruksvarer,"kr 1,25 per stk"
Clas Ohlson-butikken,28 stk,Poseklemmer,"kr 39,90",Forbruksvarer,"kr 1,43 per stk"
Clas Ohlson-butikken,1 stk,"Stakefjær 7,5m","kr 69,90",Forbruksvarer,"kr 69,90 per stk"
Clas Ohlson-butikken,1 stk,Tekstilrulle,"kr 34,90",Forbruksvarer,"kr 34,90 per stk"
Clas Ohlson-butikken,1 stk,Refill Tekstilrulle,"kr 29,90",Forbruksvarer,"kr 29,90 per stk"
Clas Ohlson-butikken,"25cl (klart glass), 6 stk",Glass med stett,"kr 99,90",Forbruksvarer,"kr 16,65 per stk"
Clas Ohlson-butikken,1 stk,Smart bildeoppheng,"kr 79,90",Forbruksvarer,"kr 79,90 per stk"
Is og desserter,"4 stk, 204 g",Mars Iskrem,"kr 54,90",Porsjonsis,"kr 269,12 per kg"
Clas Ohlson-butikken,"6w, 2 stk",LED-pære E27,"kr 69,90",Lyspærer og belysning,"kr 34,95 per stk"
Kjøtt og kylling,4 stk,"Hamburger med Koriander, Chili og Persille","kr 149,00",Hamburgere,"kr 232,81 per kg"
Kjøtt og kylling,2 stk,Ferske Hamburgere,"kr 99,00",Hamburgere,"kr 275,00 per kg"
Kjøtt og kylling,"2 Stk, 320 g",Juicy Brisket Burger,"kr 64,90",Hamburgere,"kr 202,81 per kg"
Kjøtt og kylling,"6 stk, 600 g",Hamburgere,"kr 103,00",Hamburgere,"kr 171,67 per kg"
Kjøtt og kylling,240 g,Naturli' Burgers,"kr 29,90",Hamburgere,"kr 124,58 per kg"
Kjøtt og kylling,2 stk,Plantebaserte Burgere,"kr 41,50",Hamburgere,"kr 172,92 per kg"
Kjøtt og kylling,2 stk,Beyond Burger,"kr 83,60",Hamburgere,"kr 368,28 per kg"
Kjøtt og kylling,"Fra New Zealand, 1,1 kg",Lammecarré,"kr 399,00",Lam og vilt,"kr 362,73 per kg"
Kjøtt og kylling,400 g,Rå Lammeskank,"kr 119,00",Lam og vilt,"kr 297,50 per kg"
Kjøtt og kylling,"Knoke & Mørbrad, ca. 3 kg",Fryst Lammelår m/ben,"kr 579,00",Lam og vilt,"kr 193,00 per kg"
Kjøtt og kylling,600 g,Lammebog Uten Ben i Terninger,"kr 166,40",Lam og vilt,"kr 277,33 per kg"
Kjøtt og kylling,ca. 1 kg,Reinsdyr Indrefilet Hel,"kr 599,00",Lam og vilt,"kr 599,00 per kg"
Kjøtt og kylling,1 kg,Reinsdyr Ytrefilet Hel,"kr 649,00",Lam og vilt,"kr 649,00 per kg"
Kjøtt og kylling,"Strøm-Larsen, ca. 1,5 kg",Hvitløksmarinert Surret Lammestek,"kr 399,00",Lam og vilt,"kr 266,00 per kg"
Trening,1 kg,Big Mass Sjokolade,"kr 208,70",Proteinpulver og styrke,"kr 208,70 per kg"
Trening,1 kg,Big Mass Jordbær,"kr 208,70",Proteinpulver og styrke,"kr 208,70 per kg"
Trening,300 g,Engelsk Ølgjær Protein,"kr 51,70",Proteinpulver og styrke,"kr 172,33 per kg"
Trening,3 kg,Big Mass Jordbær,"kr 450,30",Proteinpulver og styrke,"kr 150,10 per kg"
Trening,"Classic, 250 g",Pannekake & Vaffel Mix,"kr 72,70",Proteinpulver og styrke,"kr 290,80 per kg"
Trening,"Chocolate, 400 g",Whey 100,"kr 158,00",Proteinpulver og styrke,"kr 395,00 per kg"
Clas Ohlson-butikken,1 stk,Kasseapparat av tre,"kr 199,90",Leker,"kr 199,90 per stk"
Clas Ohlson-butikken,1 stk,Traktor med dyr,"kr 299,90",Leker,"kr 299,90 per stk"
Clas Ohlson-butikken,"Str 38-41, 1 stk",Isbrodd,"kr 139,90",Dyr & Fritid,"kr 139,90 per stk"
Clas Ohlson-butikken,1 stk,Lappesaker sykkel,"kr 49,90",Dyr & Fritid,"kr 49,90 per stk"
Clas Ohlson-butikken,1 stk,Sykkellås bøyle,"kr 199,90",Dyr & Fritid,"kr 199,90 per stk"
Clas Ohlson-butikken,"Med feste og overganger, 1 stk",Sykkelpumpe,"kr 59,90",Dyr & Fritid,"kr 59,90 per stk"
Kjøtt og kylling,240 g,Plantebasert Stekt Mince,"kr 39,40",Kjøttdeig og karbonadedeig,"kr 164,17 per kg"
Kjøtt og kylling,400 g,Minced Ertebasert,"kr 54,90",Kjøttdeig og karbonadedeig,"kr 137,25 per kg"
Kjøtt og kylling,300 g,Shape Me! Minced,"kr 41,90",Kjøttdeig og karbonadedeig,"kr 139,67 per kg"
Kjøtt og kylling,400 g,Kvernet Deig Av Storfe 14%,"kr 49,90",Kjøttdeig og karbonadedeig,"kr 124,75 per kg"
Kjøtt og kylling,400 g,Kvernet Deig Av Storfe 5%,"kr 56,90",Kjøttdeig og karbonadedeig,"kr 142,25 per kg"
Kjøtt og kylling,"Vår laveste pris, 400 g",Kjøttdeig Av Kylling,"kr 27,80",Kjøttdeig og karbonadedeig,"kr 69,50 per kg"
Kjøtt og kylling,"Marinert Med Lakris og Chili, ca. 500 g",Svinenakke Fylt Med Tranebær og Chevre,"kr 109,00",Svin,"kr 218,00 per kg"
Clas Ohlson-butikken,1 stk,Kopipapir A4 500 ark,"kr 39,90",Kontorartikler,"kr 39,90 per stk"
Kjøtt og kylling,4 stk,Hellstrøms Salsiccia Rå,"kr 89,90",Pølser,"kr 224,75 per kg"
Trening,"Sjokopudding, 190 g",YT proteinrik,"kr 21,80",Måltidserstatter og mellommåltid,"kr 114,74 per kg"
Barneprodukter,"Fra 4 mnd, 125 g",Sviskemos,"kr 17,70",Middagsglass,"kr 141,60 per kg"
Barneprodukter,"Assortert variant, Fra 6 mnd, 2 stk",Smokk Night,"kr 104,90",Smokker og tåteflasker,"kr 52,45 per stk"
Barneprodukter,"Tilfeldig farge, 6mnd+ silk 2stk, 2 stk",Narresmokk air,"kr 89,80",Smokker og tåteflasker,"kr 44,90 per stk"
Barneprodukter,"Assortert variant, Fra 16 mnd, 2 stk",Smokk Air Latex,"kr 99,90",Smokker og tåteflasker,"kr 49,95 per stk"
Barneprodukter,"Fra 2 mnd, 1 stk",Flaskesmokk,"kr 96,30",Smokker og tåteflasker,"kr 96,30 per stk"
Barneprodukter,"Fra 4 mnd, 2 stk",Flaskesmokk,"kr 74,80",Smokker og tåteflasker,"kr 37,40 per stk"
Barneprodukter,"Fra 6 mnd, 2 stk",Avent Flaskesmokk,"kr 64,80",Smokker og tåteflasker,"kr 32,40 per stk"
Barneprodukter,"Avent, 260 ml",Tåteflaske,"kr 80,60",Smokker og tåteflasker,"kr 310,00 per l"
Barneprodukter,"Assorterte farger, 270 ml",Tåteflaske,"kr 72,40",Smokker og tåteflasker,"kr 268,15 per l"
Barneprodukter,"Assorterte Farger, 220ml, 1 stk",Kopp Trainer,"kr 95,90",Smokker og tåteflasker,"kr 95,90 per stk"
Trening,"Frukt Og Havre, 50 g",YT Energibar,"kr 23,80",Proteinsnacks og vitamingodis,"kr 476,00 per kg"
Trening,"Med Peanøtt & Sjokolade, 50 g",Yt Proteinbar Fudge,"kr 26,70",Proteinsnacks og vitamingodis,"kr 534,00 per kg"
Trening,"Proteinbar, 55 g",Maxim Hero Chocolate,"kr 32,80",Proteinsnacks og vitamingodis,"kr 596,36 per kg"
Trening,"Proteinbar, 55 g",Maxim Freaky Caramel,"kr 31,80",Proteinsnacks og vitamingodis,"kr 578,18 per kg"
Trening,"Proteinbar, 55 g",Maxim Hunky Peanut,"kr 31,80",Proteinsnacks og vitamingodis,"kr 578,18 per kg"
Trening,"Proteinbar, 55 g",Wildly Lemon Ginger,"kr 30,10",Proteinsnacks og vitamingodis,"kr 547,27 per kg"
Trening,50 g,Protein Bar Marzipan Classic 50g,"kr 34,20",Proteinsnacks og vitamingodis,"kr 684,00 per kg"
Clas Ohlson-butikken,"LR03, 10 stk",Co-batteri AAA,"kr 39,90",Batteri,"kr 3,99 per stk"
Clas Ohlson-butikken,5 stk,Lithiumbatteri Cr2025,"kr 89,90",Batteri,"kr 17,98 per stk"
Clas Ohlson-butikken,5 stk,Lithiumbatteri Cr2032,"kr 89,90",Batteri,"kr 17,98 per stk"
Clas Ohlson-butikken,1 stk,Co-batteri 9v,"kr 29,90",Batteri,"kr 29,90 per stk"
Clas Ohlson-butikken,2 stk,Co-batteri C/LR14,"kr 29,90",Batteri,"kr 14,95 per stk"
Clas Ohlson-butikken,2 stk,Co-batteri D/LR20,"kr 29,90",Batteri,"kr 14,95 per stk"
Clas Ohlson-butikken,6 stk,Høreapparatbatteri 13,"kr 59,90",Batteri,"kr 9,98 per stk"
Trening,500 ml,Proteinshake Chocolate,"kr 55,00",Sportsdrikke,"kr 110,00 per l"
Trening,330 ml,Yt Restitusjonsdrikk Kakao,"kr 24,80",Sportsdrikke,"kr 75,15 per l"
Trening,220 ml,YT proteinrik sjokoshake,"kr 22,80",Sportsdrikke,"kr 103,64 per l"
Trening,"Sportsdrikk, 200 ml",Smartfish Lipid+,"kr 31,60",Sportsdrikke,"kr 158,00 per l"
Trening,"Sportsdrikk, 200 ml",Smartfish High Protein,"kr 31,60",Sportsdrikke,"kr 158,00 per l"
Trening,20 stk,E-Burn Brusetablett,"kr 98,90",Sportsdrikke,"kr 4,95 per stk"
Trening,20 stk,E-Kick Brusetablett,"kr 98,90",Sportsdrikke,"kr 4,95 per stk"
Barneprodukter,"Fra 6 mnd, 800 g",NAN Pro 2,"kr 148,10",Morsmelkerstatning,"kr 185,13 per kg"
Barneprodukter,"Fra 12 mnd, 800 g",NAN Pro 3 Juniormelk,"kr 148,90",Morsmelkerstatning,"kr 186,13 per kg"
Barneprodukter,"Fra 18 mnd, 800 g",NAN Pro 4 Juniormelk,"kr 138,60",Morsmelkerstatning,"kr 173,25 per kg"
Barneprodukter,"Fra fødselen, 400 g",Nan 1 Sensilac,"kr 89,80",Morsmelkerstatning,"kr 224,50 per kg"
Barneprodukter,"Drikkeklar, 200 ml",NAN Pro 1 Fra Fødsel,"kr 17,60",Morsmelkerstatning,"kr 88,00 per l"
Barneprodukter,"Drikkeklar, 200 ml",NAN Pro 2 Fra 6mnd,"kr 16,40",Morsmelkerstatning,"kr 82,00 per l"
Barneprodukter,"Fra 0 mnd, 600 g",Little Steps 1,"kr 93,40",Morsmelkerstatning,"kr 155,67 per kg"
Barneprodukter,"Fra fødselen, 500 g",Combiotik Pulver 1,"kr 112,60",Morsmelkerstatning,"kr 225,20 per kg"
Clas Ohlson-butikken,40 stk,Servietter røde,"kr 24,90",Forbruksvarer,"kr 0,62 per stk"
Clas Ohlson-butikken,"Transparent, 10 stk",Avfallssekk 125L,"kr 49,90",Forbruksvarer,"kr 4,99 per stk"
Clas Ohlson-butikken,1 stk,Vakumposer 2-pack,"kr 169,90",Forbruksvarer,"kr 169,90 per stk"
Clas Ohlson-butikken,1 stk,Klammer til Stiftemaskin 26/6,"kr 39,90",Forbruksvarer,"kr 39,90 per stk"
Clas Ohlson-butikken,150 m,Plastfolie storpack,"kr 59,90",Forbruksvarer,"kr 0,40 per m"
Is og desserter,10 stk,Fruitero,"kr 80,10",Porsjonsis,"kr 8,01 per stk"
Is og desserter,"8 x 65ml, 520 ml",Saftis med Fruktsmak,"kr 79,90",Porsjonsis,"kr 9,99 per stk"
Is og desserter,"9 x 60ml, 540 ml",Monstermat Vannis,"kr 13,10",Porsjonsis,"kr 24,26 per l"
Is og desserter,6 stk,Båt-is Tip Top,"kr 86,70",Porsjonsis,"kr 14,45 per stk"
Is og desserter,6 stk,Royal Salt Karamell Mini,"kr 88,60",Porsjonsis,"kr 14,77 per stk"
Is og desserter,"8 x 110ml, 880 ml",Magnum Classic Iskrem,"kr 119,00",Porsjonsis,"kr 14,88 per stk"
Is og desserter,"8 x 110ml, 880 ml",Magnum White Chocolate Iskrem,"kr 119,00",Porsjonsis,"kr 14,88 per stk"
Is og desserter,"6 x 55ml, 330 ml",Magnum Mini Mix,"kr 65,80",Porsjonsis,"kr 10,97 per stk"
Clas Ohlson-butikken,"2w, Illum, 136lm, 2 stk",LED-pære E14,"kr 69,90",Lyspærer og belysning,"kr 34,95 per stk"
Clas Ohlson-butikken,1 stk,Mignonpære led E14 2W 136lm,"kr 39,90",Lyspærer og belysning,"kr 39,90 per stk"
Clas Ohlson-butikken,1 stk,Illumpære led E14 2W 136lm,"kr 39,90",Lyspærer og belysning,"kr 39,90 per stk"
Clas Ohlson-butikken,1 stk,"Led Osram Gu10 Dimbar 4,1w 230 Lm","kr 99,90",Lyspærer og belysning,"kr 99,90 per stk"
Clas Ohlson-butikken,"4w, 230lm, 2 stk",LED-pære GU10,"kr 79,90",Lyspærer og belysning,"kr 39,95 per stk"
Clas Ohlson-butikken,1 stk,Philips Wake-up light,"kr 699,00",Lyspærer og belysning,"kr 699,00 per stk"
Clas Ohlson-butikken,"3,5m, 1 stk",Lampeledning til E14/adventsstjerne,"kr 49,90",Lyspærer og belysning,"kr 49,90 per stk"
Clas Ohlson-butikken,"50cm hvit, 1 stk",Adventsstjerne,"kr 79,90",Lyspærer og belysning,"kr 79,90 per stk"
Kjøtt og kylling,"4 stk, 500 g",Vegetarburger med Ost,"kr 56,80",Hamburgere,"kr 113,60 per kg"
Kjøtt og kylling,300 g,Plant-based Burger,"kr 57,00",Hamburgere,"kr 190,00 per kg"
Kjøtt og kylling,226 g,Sensational Burger,"kr 54,80",Hamburgere,"kr 242,48 per kg"
Kjøtt og kylling,"4 stk, 320 g",Vegetarburgere,"kr 39,90",Hamburgere,"kr 124,69 per kg"
Kjøtt og kylling,"2 stk, 270 g",Nacho Spicy Bønneburger,"kr 39,90",Hamburgere,"kr 147,78 per kg"
Kjøtt og kylling,160 g,Pulled BBQ,"kr 52,60",Hamburgere,"kr 328,75 per kg"
Kjøtt og kylling,4 stk,Butcher Burger,"kr 98,90",Hamburgere,"kr 176,61 per kg"
Clas Ohlson-butikken,24 stk,Kalenderposer,"kr 79,90",Jul fra Clas Ohlson,"kr 3,33 per stk"
Trening,400 g,Kosttilskudd BCAA Lemon Lime,"kr 328,30",Kosttilskudd,"kr 8,21 per porsj"
Kjøtt og kylling,325 g,Kjøttdeig Av 100% Kyllingfilet,"kr 38,20","Kylling, kalkun og and","kr 117,54 per kg"
Kjøtt og kylling,"Strøm-Larsen, ca. 1,5 kg",Surret Lammestek Naturell,"kr 369,00",Lam og vilt,"kr 246,00 per kg"
Kjøtt og kylling,2 kg,Røkt Pinnekjøtt,"kr 599,00",Lam og vilt,"kr 299,50 per kg"
Kjøtt og kylling,2 kg,Pinnekjøtt Urøkt,"kr 599,00",Lam og vilt,"kr 299,50 per kg"
Kjøtt og kylling,ca. 500 g,Braisert Lammeskank,"kr 119,00",Lam og vilt,"kr 238,00 per kg"
Kjøtt og kylling,ca. 350 g,Entrecote Av Lam Med Hvit Geitost,"kr 99,00",Lam og vilt,"kr 282,86 per kg"
Kjøtt og kylling,"Uten Ben, ca. 400 g",Frossen Villsvinakke,"kr 109,00",Lam og vilt,"kr 272,50 per kg"
Kjøtt og kylling,"Fryst, 400 g",Karbonadedeig Av Elg,"kr 139,00",Lam og vilt,"kr 347,50 per kg"
Barneprodukter,100 stk,Stellekluter Tørre,"kr 29,40",Våtservietter og såpe,"kr 0,29 per stk"
Clas Ohlson-butikken,1 stk,Oppladbar lighter,"kr 99,90",Hus & Hjem,"kr 99,90 per stk"
Kjøtt og kylling,4 stk,Kebab Porsjon,"kr 83,10",Kjøttdeig og karbonadedeig,"kr 159,81 per kg"
Kjøtt og kylling,500 g,Hellstrøms Økologisk Svinenakke uten Ben,"kr 147,90",Svin,"kr 295,80 per kg"
Kjøtt og kylling,400 g,Nakkefilet Tynnskåret,"kr 64,90",Svin,"kr 162,25 per kg"
Kjøtt og kylling,"Langtidskokt Svinenakke, 500 g",Pulled Pork,"kr 83,10",Svin,"kr 166,20 per kg"
Kjøtt og kylling,400 g,Strimlet Svinebiff,"kr 54,90",Svin,"kr 137,25 per kg"
Kjøtt og kylling,"1,4 kg",Salte Knoker,"kr 124,80",Svin,"kr 89,14 per kg"
Kjøtt og kylling,"1,4 kg",Røkte Skinkeknoker,"kr 121,30",Svin,"kr 86,64 per kg"
Kjøtt og kylling,ca. 600 g,Svin Indrefilet,"kr 65,40",Svin,"kr 109,00 per kg"
Kjøtt og kylling,"4 stk, ca. 920 g",Svinekoteletter,"kr 59,90",Svin,"kr 65,11 per kg"
Kjøtt og kylling,ca. 950 g,Nakkekoteletter,"kr 59,90",Svin,"kr 63,05 per kg"
Kjøtt og kylling,500 g,Strimlet Svinekjøtt,"kr 54,00",Svin,"kr 108,00 per kg"
Clas Ohlson-butikken,1 stk,Notiskube 400 Ark,"kr 59,90",Kontorartikler,"kr 59,90 per stk"
Clas Ohlson-butikken,3 stk,Collegeblokk A4 Linjer,"kr 39,90",Kontorartikler,"kr 13,30 per stk"
Clas Ohlson-butikken,3 stk,Collegeblokk A4 Ruter,"kr 39,90",Kontorartikler,"kr 13,30 per stk"
Clas Ohlson-butikken,3 stk,Collegeblokk A5 Linjert,"kr 39,90",Kontorartikler,"kr 13,30 per stk"
Clas Ohlson-butikken,3 stk,Collegeblokk A5 Rutet,"kr 39,90",Kontorartikler,"kr 13,30 per stk"
Clas Ohlson-butikken,1 stk,Limstift 21 G,"kr 29,90",Kontorartikler,"kr 29,90 per stk"
Kjøtt og kylling,Ca. 28 stk,Wienerpølser,"kr 279,00",Pølser,"kr 139,50 per kg"
Kjøtt og kylling,"3 Stk, 300 g",Over Oslo Pølser med Ramsløk,"kr 69,90",Pølser,"kr 233,00 per kg"
Kjøtt og kylling,"3 Stk, 300 g",Kreolsk Chillipølser,"kr 69,90",Pølser,"kr 233,00 per kg"
Kjøtt og kylling,"3 Stk, 300 g",Lammepølser,"kr 69,90",Pølser,"kr 233,00 per kg"
Kjøtt og kylling,"3 Stk, 300 g",Ostepølser med Chili,"kr 69,90",Pølser,"kr 233,00 per kg"
Trening,190 g,YT Proteinrik Vaniljepudding,"kr 26,80",Måltidserstatter og mellommåltid,"kr 141,05 per kg"
Trening,420 g,TINE Protein Yoghurt med Pasjonsfrukt,"kr 26,70",Måltidserstatter og mellommåltid,"kr 63,57 per kg"
Trening,420 g,TINE  Protein Yoghurt Vanilje,"kr 27,70",Måltidserstatter og mellommåltid,"kr 65,95 per kg"
Trening,500 g,Kreatin,"kr 164,80",Måltidserstatter og mellommåltid,"kr 329,60 per kg"
Trening,150 g,Go On Blåbær,"kr 23,50",Måltidserstatter og mellommåltid,"kr 156,67 per kg"
Barneprodukter,"4 mnd, 125 g",NaturNes Gulrot & Potet,"kr 19,60",Middagsglass,"kr 156,80 per kg"
Barneprodukter,"4 mnd, 125 g",Naturnes Parsnip Sweet Potato,"kr 19,60",Middagsglass,"kr 156,80 per kg"
Barneprodukter,"Fra 6 mnd, 190 g",Spagetti Bolognese Økologisk,"kr 20,80",Middagsglass,"kr 109,47 per kg"
Barneprodukter,"Fra 6 mnd, 190 g",NaturNes Lapskaus,"kr 20,10",Middagsglass,"kr 105,79 per kg"
Barneprodukter,"Fra 6 mnd, 190 g",NaturNes Søtpotet & Kylling,"kr 21,60",Middagsglass,"kr 113,68 per kg"
Barneprodukter,"Tilfeldig farge, 1 stk",Avent Kopp,"kr 115,30",Smokker og tåteflasker,"kr 115,30 per stk"
Barneprodukter,"Tilfeldig Farge, 200ml, 1 stk",Avent Kopp,"kr 76,10",Smokker og tåteflasker,"kr 76,10 per stk"
Barneprodukter,"Assorterte farger, Sølefri, 1 stk",Kopp,"kr 89,80",Smokker og tåteflasker,"kr 89,80 per stk"
Barneprodukter,"Assorterte Farger, 1 stk",Kopp Mellommåltid,"kr 83,60",Smokker og tåteflasker,"kr 83,60 per stk"
Barneprodukter,"Tilfeldig farge, 4 stk",Matskjeer,"kr 83,10",Smokker og tåteflasker,"kr 20,78 per stk"
Barneprodukter,"Tilfeldig Farge, 1 stk",Drikkeflaske Squezze 460ml,"kr 68,90",Smokker og tåteflasker,"kr 68,90 per stk"
Barneprodukter,"Tilfeldig Farge, 1 stk",Sistema Drikkeflaske 475ml,"kr 78,90",Smokker og tåteflasker,"kr 78,90 per stk"
Barneprodukter,"1,4l, 1 stk",Lunch Cube To Go,"kr 78,90",Smokker og tåteflasker,"kr 78,90 per stk"
Clas Ohlson-butikken,6 stk,Høreapparatbatteri 312,"kr 59,90",Batteri,"kr 9,98 per stk"
Trening,20 stk,Fres Guarana Brusetablett,"kr 98,90",Sportsdrikke,"kr 4,95 per stk"
Trening,20 stk,Fres Grønn Te Brusetablett,"kr 98,90",Sportsdrikke,"kr 4,95 per stk"
Trening,"0,33 l",Miami Strawberry,"kr 32,50",Sportsdrikke,"kr 98,48 per l"
Trening,"0,33 l",Nocco Focus Cola,"kr 30,80",Sportsdrikke,"kr 93,33 per l"
Trening,"0,33 l",Nocco Limón Del Sol,"kr 31,50",Sportsdrikke,"kr 95,45 per l"
Trening,"0,5 l",Gatorade Cool Blue,"kr 36,10",Sportsdrikke,"kr 72,20 per l"
Trening,"Appelsin, 0,5 l",YT Sportsdrikk,"kr 27,00",Sportsdrikke,"kr 54,00 per l"
Trening,"0,5 l",Powerade Mountain Blast,"kr 26,70",Sportsdrikke,"kr 53,40 per l"
Trening,"6x0,33l, 1,98 l",Aass Vørterøl,"kr 77,30",Sportsdrikke,"kr 39,04 per l"
Barneprodukter,"Fra 6 - 12 mnd, 500 g",Combiotik Pulver 2,"kr 111,10",Morsmelkerstatning,"kr 222,20 per kg"
Barneprodukter,"Fra 10 mnd, 500 g",Combiotik Pulver 3,"kr 119,80",Morsmelkerstatning,"kr 239,60 per kg"
Barneprodukter,"Fra fødselen, 200 ml",Combiotik 1,"kr 22,50",Morsmelkerstatning,"kr 112,50 per l"
Barneprodukter,"Drikkeklar, 1 stk",Combiotik 2,"kr 22,80",Morsmelkerstatning,"kr 22,80 per stk"
Is og desserter,"10 x 35ml, 350 ml",Magnum After Dinner,"kr 80,90",Porsjonsis,"kr 8,09 per stk"
Is og desserter,"4 x 100ml, 400 ml",Magnum Mint Iskrem,"kr 59,90",Porsjonsis,"kr 14,98 per stk"
Is og desserter,"6 stk, 0,72 l",Sandwich Original,"kr 49,90",Porsjonsis,"kr 69,31 per l"
Is og desserter,10 stk,Pin Up Is,"kr 51,90",Porsjonsis,"kr 5,19 per stk"
Is og desserter,10 stk,Lollipop,"kr 32,30",Porsjonsis,"kr 3,23 per stk"
Is og desserter,"5 stk, 645 ml",Krone-Is Sjokolade,"kr 27,70",Porsjonsis,"kr 5,54 per stk"
Is og desserter,"5 stk, 640 ml",Krone-Is Jordbær,"kr 27,70",Porsjonsis,"kr 5,54 per stk"
Clas Ohlson-butikken,"70cm hvit, 1 stk",Adventsstjerne,"kr 149,90",Lyspærer og belysning,"kr 149,90 per stk"
Clas Ohlson-butikken,"Batteri kjøpes separat (LR20), 1 stk",Ledpære uten ledning,"kr 79,90",Lyspærer og belysning,"kr 79,90 per stk"
Clas Ohlson-butikken,"sølv-mix, 54 stk",Juletrekuler,"kr 119,90",Lyspærer og belysning,"kr 2,22 per stk"
Clas Ohlson-butikken,"38m med lys + 10m tilkoblingskabel, 1 stk",Diodeslynge 240 lys varmhvit,"kr 299,90",Lyspærer og belysning,"kr 299,90 per stk"
Clas Ohlson-butikken,"2,7m med lys + 3m tilkoblingskabel, 1 stk",Diodeslynge 40 LED-lys Batteri,"kr 99,90",Lyspærer og belysning,"kr 99,90 per stk"
Clas Ohlson-butikken,"12m med lys + 10m tilkoblingskabel, 1 stk",Diodeslynge 80 lys varmhvit,"kr 149,90",Lyspærer og belysning,"kr 149,90 per stk"
Clas Ohlson-butikken,"12m med lys + 10m tilkoblingskabel, 1 stk",Diodeslynge 80 lys varmhvit,"kr 149,90",Lyspærer og belysning,"kr 149,90 per stk"
Clas Ohlson-butikken,"5m med 60 lys + 5m tilkoblingskabel, 5 m",Girlander led,"kr 149,90",Lyspærer og belysning,"kr 29,98 per m"
Clas Ohlson-butikken,5 m,Istappslynge led,"kr 299,90",Lyspærer og belysning,"kr 59,98 per m"
Kjøtt og kylling,"8 stk i pk, 800 g",Gildeburger Digg Bacon,"kr 121,70",Hamburgere,"kr 152,13 per kg"
Kjøtt og kylling,"8 stk i pk, 800 g",Gildeburger 3xcheese,"kr 114,30",Hamburgere,"kr 142,88 per kg"
Kjøtt og kylling,"8 stk i pk, 800 g",Gildeburger Classic,"kr 88,70",Hamburgere,"kr 110,88 per kg"
Kjøtt og kylling,"2 Stk, 300 g",Holy Smoke Storfeburger,"kr 72,70",Hamburgere,"kr 242,33 per kg"
Kjøtt og kylling,"Halal 4 Stk, 520 g",Frosne Hamburgere,"kr 107,00",Hamburgere,"kr 205,77 per kg"
Kjøtt og kylling,"4 Stk, 520 g",Original Hamburger,"kr 93,50",Hamburgere,"kr 179,81 per kg"
Kjøtt og kylling,"4 Stk, 520 g",Home style Pepperburger,"kr 93,50",Hamburgere,"kr 179,81 per kg"
Kjøtt og kylling,"2x100 g, 200 g",Løvbit,"kr 40,20",Hamburgere,"kr 201,00 per kg"
Clas Ohlson-butikken,5 stk,Pepperkakeformer,"kr 39,90",Jul fra Clas Ohlson,"kr 7,98 per stk"
Clas Ohlson-butikken,"70cm hvit, 1 stk",Adventsstjerne,"kr 149,90",Jul fra Clas Ohlson,"kr 149,90 per stk"
Clas Ohlson-butikken,"50cm hvit, 1 stk",Adventsstjerne,"kr 79,90",Jul fra Clas Ohlson,"kr 79,90 per stk"
Clas Ohlson-butikken,"3,5m, 1 stk",Lampeledning til E14/adventsstjerne,"kr 49,90",Jul fra Clas Ohlson,"kr 49,90 per stk"
Clas Ohlson-butikken,"Batteri kjøpes separat (LR20), 1 stk",Ledpære uten ledning,"kr 79,90",Jul fra Clas Ohlson,"kr 79,90 per stk"
Clas Ohlson-butikken,1 stk,Toppstjerne med fjernkontroll,"kr 99,90",Jul fra Clas Ohlson,"kr 99,90 per stk"
Clas Ohlson-butikken,1 stk,Toppstjerne sølv,"kr 49,90",Jul fra Clas Ohlson,"kr 49,90 per stk"
Clas Ohlson-butikken,1 stk,Julestrømpe rød og hvit,"kr 69,90",Jul fra Clas Ohlson,"kr 69,90 per stk"
Trening,300 g,BCAA Cola Kosttilskudd,"kr 328,30",Kosttilskudd,"kr 1094,33 per kg"
Trening,300 g,BCAA Green Apple Kosttilskudd,"kr 328,30",Kosttilskudd,"kr 1094,33 per kg"
Trening,120 stk,Pure Caffeine Kosttilskudd,"kr 219,60",Kosttilskudd,"kr 1,83 per stk"
Trening,"112 kapsler, 1 stk",Möller's Den Originale,"kr 105,90",Kosttilskudd,"kr 105,90 per stk"
Trening,500 ml,Möller's Tran Sitron,"kr 146,90",Kosttilskudd,"kr 293,80 per l"
Trening,"Naturell, 500 ml",Tran,"kr 113,00",Kosttilskudd,"kr 226,00 per l"
Trening,"Uten sukker, 500 ml",Sana-sol,"kr 84,90",Kosttilskudd,"kr 169,80 per l"
Kjøtt og kylling,"Rett i Ovnen, 260 g",Kyllinglår med Smør,"kr 55,00","Kylling, kalkun og and","kr 211,54 per kg"
Kjøtt og kylling,500 g,Kyllingklubber Naturell,"kr 39,00","Kylling, kalkun og and","kr 78,00 per kg"
Kjøtt og kylling,ca. 800 g,Kalkunbryst i Form,"kr 220,70","Kylling, kalkun og and","kr 275,88 per kg"
Kjøtt og kylling,ca. 260 g,Kyllingbryst,"kr 82,20","Kylling, kalkun og and","kr 316,15 per kg"
Kjøtt og kylling,"Økologisk, ca. 300 g",Kyllingbryst,"kr 81,70","Kylling, kalkun og and","kr 272,33 per kg"
Kjøtt og kylling,400 g,Rå Vinger av Landkylling,"kr 49,00","Kylling, kalkun og and","kr 122,50 per kg"
Kjøtt og kylling,ca. 600 g,Kyllinglår,"kr 79,90","Kylling, kalkun og and","kr 133,17 per kg"
Kjøtt og kylling,"Økologisk, ca. 2,9 kg",Hel Landkylling,"kr 373,40","Kylling, kalkun og and","kr 128,76 per kg"
Barneprodukter,63 stk,Neutral Baby Våtservietter,"kr 29,60",Våtservietter og såpe,"kr 0,47 per stk"
Barneprodukter,25 stk,Våtservietter,"kr 20,50",Våtservietter og såpe,"kr 0,82 per stk"
Barneprodukter,64 stk,Libero Våtserviett,"kr 36,10",Våtservietter og såpe,"kr 0,56 per stk"
Barneprodukter,100 stk,Libero Vaskeklut,"kr 46,10",Våtservietter og såpe,"kr 0,46 per stk"
Barneprodukter,72 stk,Våtservietter Baby,"kr 11,80",Våtservietter og såpe,"kr 0,16 per stk"
Barneprodukter,"4 pk, 320 stk",Pampers Sensitive Wipes,"kr 78,60",Våtservietter og såpe,"kr 0,25 per stk"
Barneprodukter,72 stk,Bomullspinner Baby,"kr 21,50",Våtservietter og såpe,"kr 0,30 per stk"
Barneprodukter,50 stk,Ammeinnlegg,"kr 50,20",Våtservietter og såpe,"kr 1,00 per stk"
Clas Ohlson-butikken,"Hvit, 8 stk",Kleshenger,"kr 69,90",Hus & Hjem,"kr 8,74 per stk"
Clas Ohlson-butikken,"Svart, 8 stk",Kleshenger,"kr 69,90",Hus & Hjem,"kr 8,74 per stk"
Clas Ohlson-butikken,"Transparent, 1 stk",Regnponcho,"kr 49,90",Hus & Hjem,"kr 49,90 per stk"
Clas Ohlson-butikken,"Hvit, 1 stk",Regnponcho,"kr 49,90",Hus & Hjem,"kr 49,90 per stk"
Clas Ohlson-butikken,"Krokrekke, 4 kroker, 1 stk",Selvheftende baderomskrok,"kr 179,90",Hus & Hjem,"kr 179,90 per stk"
Clas Ohlson-butikken,"Hvit, 1 stk",Dørhenger 4 kroker,"kr 79,90",Hus & Hjem,"kr 79,90 per stk"
Kjøtt og kylling,"Rå, ca. 1,5 kg",Surret Skinkestek med Svor,"kr 113,90",Svin,"kr 75,93 per kg"
Kjøtt og kylling,"Uten Ben, ca. 400 g",Frossen Villsvinakke,"kr 109,00",Svin,"kr 272,50 per kg"
Kjøtt og kylling,550 g,Smokey Pulled Pork,"kr 84,70",Svin,"kr 154,00 per kg"
Kjøtt og kylling,550 g,Tulip Pulled Pork Asian,"kr 88,90",Svin,"kr 161,64 per kg"
Kjøtt og kylling,500 g,Ytrefilet av Svin Krydret,"kr 84,90",Svin,"kr 169,80 per kg"
Kjøtt og kylling,500 g,Ytrefilet av Svin Naturell,"kr 79,00",Svin,"kr 158,00 per kg"
Kjøtt og kylling,"Strøm-Larsen, ca. 2 kg",Tynnribbe/Flatribbe,"kr 310,90",Svin,"kr 155,45 per kg"
Kjøtt og kylling,ca. 600 g,Spareribs av Fjellgris,"kr 139,00",Svin,"kr 231,67 per kg"
Clas Ohlson-butikken,1 stk,Teipdispenser M/teip,"kr 39,90",Kontorartikler,"kr 39,90 per stk"
Clas Ohlson-butikken,3 stk,Husholdningsteip 19mm,"kr 49,90",Kontorartikler,"kr 16,63 per stk"
Clas Ohlson-butikken,1 stk,Gaffateip Basic Mattsvart,"kr 99,90",Kontorartikler,"kr 99,90 per stk"
Clas Ohlson-butikken,1 stk,Lesebrille + 1.50,"kr 99,90",Kontorartikler,"kr 99,90 per stk"
Clas Ohlson-butikken,1 stk,Lesebrille + 2.00,"kr 99,90",Kontorartikler,"kr 99,90 per stk"
Clas Ohlson-butikken,1 stk,Lesebrille + 2.50,"kr 99,90",Kontorartikler,"kr 99,90 per stk"
Clas Ohlson-butikken,1 stk,Brilleservietter,"kr 39,90",Kontorartikler,"kr 39,90 per stk"
Clas Ohlson-butikken,"For 26/6 klammer, 1 stk",Stiftemaskin,"kr 59,90",Kontorartikler,"kr 59,90 per stk"
Clas Ohlson-butikken,"30 ark, 1 stk",Hullemaskin,"kr 79,90",Kontorartikler,"kr 79,90 per stk"
Kjøtt og kylling,"3 Stk, 300 g",Sambapølser,"kr 69,90",Pølser,"kr 233,00 per kg"
Kjøtt og kylling,"3stk, 300 g",Pølser Chipotle,"kr 69,90",Pølser,"kr 233,00 per kg"
Kjøtt og kylling,4 stk,Hellstrøms Angus Pølser,"kr 69,90",Pølser,"kr 174,75 per kg"
Kjøtt og kylling,"3 Stk, 300 g",Rostbrattwürst Pølser,"kr 69,90",Pølser,"kr 233,00 per kg"
Kjøtt og kylling,"3 stk, 300 g",Grillpølser Lange,"kr 59,90",Pølser,"kr 199,67 per kg"
Kjøtt og kylling,"Spikkerud Gård, 3 stk",Økologisk Bratwurst,"kr 79,90",Pølser,"kr 228,29 per kg"
Kjøtt og kylling,250 g,Bratwurst-Knacker,"kr 41,80",Pølser,"kr 167,20 per kg"
Trening,150 g,Go On Pasjonsfrukt,"kr 19,80",Måltidserstatter og mellommåltid,"kr 132,00 per kg"
Trening,150 g,Propud Chocolate,"kr 24,00",Måltidserstatter og mellommåltid,"kr 160,00 per kg"
Trening,"6 stk, 138 g",Müslibar Hasselnøtt og Havre,"kr 27,70",Måltidserstatter og mellommåltid,"kr 200,72 per kg"
Trening,"6 stk, 138 g",Müslibar Sjokolade og Kokos,"kr 28,20",Måltidserstatter og mellommåltid,"kr 204,35 per kg"
Trening,"6 stk, 138 g",Müslibar Sjokolade og Nøtter 23g 6pk,"kr 27,70",Måltidserstatter og mellommåltid,"kr 200,72 per kg"
Trening,4 stk,Smooth Caramel,"kr 100,70",Måltidserstatter og mellommåltid,"kr 25,18 per stk"
Trening,"4pk, 0,24 kg",Premium Dark Chocolate,"kr 95,50",Måltidserstatter og mellommåltid,"kr 397,92 per kg"
Trening,"0,5 kg",Intensiv Sjokolade Shake,"kr 248,90",Måltidserstatter og mellommåltid,"kr 497,80 per kg"
Trening,"2pk, 110 g",Chunky Peanut,"kr 56,80",Måltidserstatter og mellommåltid,"kr 516,36 per kg"
Barneprodukter,"Fra 8 mnd, 190 g",NaturNes Potetmos & Kjøttkaker,"kr 21,60",Middagsglass,"kr 113,68 per kg"
Barneprodukter,"Fra 8 mnd, 190 g",NaturNes Rotfrukter med Laks,"kr 17,80",Middagsglass,"kr 93,68 per kg"
Barneprodukter,"Fra 8 mnd, 195 g",Couscous med Kylling,"kr 18,00",Middagsglass,"kr 92,31 per kg"
Barneprodukter,"Fra 8 mnd, 190 g",Spagetti Bolognese Økologisk,"kr 19,20",Middagsglass,"kr 101,05 per kg"
Barneprodukter,"Fra 8 mnd, 195 g",Fullkorn Lasagne Økologisk,"kr 17,00",Middagsglass,"kr 87,18 per kg"
Barneprodukter,"Fra 12 mnd, 190 g",NaturNes Couscous Biff,"kr 20,10",Middagsglass,"kr 105,79 per kg"
Barneprodukter,"Fra 12 mnd, 190 g",Spagetti Bolognese Økologisk,"kr 21,20",Middagsglass,"kr 111,58 per kg"
Barneprodukter,"Fra 12 mnd, 190 g",NaturNes Lasagne Fullkorn,"kr 17,80",Middagsglass,"kr 93,68 per kg"
Barneprodukter,"1.2l, Tilfeldig Farge, 1 stk",Lunch Plus,"kr 68,90",Smokker og tåteflasker,"kr 68,90 per stk"
Trening,250 ml,Coke Energy,"kr 19,40",Sportsdrikke,"kr 77,60 per l"
Trening,"Uten Sukker, 0,25 l",Coke Energy,"kr 19,40",Sportsdrikke,"kr 77,60 per l"
Trening,"Jordbær & banshake, 220 ml",YT Proteinrik 220ml,"kr 26,60",Sportsdrikke,"kr 120,91 per l"
Is og desserter,"Laktosefri, 6 stk",FRI Vaniljeis med Sjokoladebiter i Kjeks,"kr 96,60",Porsjonsis,"kr 16,10 per stk"
Is og desserter,6 stk,Dream Lemon Mini,"kr 75,90",Porsjonsis,"kr 12,65 per stk"
Is og desserter,"6 stk, 750 ml",Krone-Is Jordbær,"kr 40,10",Porsjonsis,"kr 6,68 per stk"
Is og desserter,"6 stk, 750 ml",Krone-Is Sjokolade,"kr 39,70",Porsjonsis,"kr 6,62 per stk"
Is og desserter,"Melkefri, 320 g",Gelato Sandwich 8pk,"kr 95,00",Porsjonsis,"kr 296,88 per kg"
Clas Ohlson-butikken,1 stk,Lykt telefonkiosk,"kr 349,90",Lyspærer og belysning,"kr 349,90 per stk"
Clas Ohlson-butikken,1 stk,Lykt vinterlandskap,"kr 299,90",Lyspærer og belysning,"kr 299,90 per stk"
Clas Ohlson-butikken,1 stk,Lykt i metall sort 30 cm,"kr 69,90",Lyspærer og belysning,"kr 69,90 per stk"
Clas Ohlson-butikken,1 stk,Adventsstake rød,"kr 79,90",Lyspærer og belysning,"kr 79,90 per stk"
Clas Ohlson-butikken,1 stk,Adventsstake hvit,"kr 79,90",Lyspærer og belysning,"kr 79,90 per stk"
Clas Ohlson-butikken,1 stk,"Matboks 1,2l Transparent","kr 19,90",Kjøkken,"kr 19,90 per stk"
Kjøtt og kylling,550 g,Smokey Pulled Pork,"kr 84,70",Hamburgere,"kr 154,00 per kg"
Kjøtt og kylling,300 g,Hamburgerdressing,"kr 31,10",Hamburgere,"kr 103,67 per kg"
Kjøtt og kylling,1 kg,Hamburger Rå,"kr 90,80",Hamburgere,"kr 90,80 per kg"
Kjøtt og kylling,"2 stk, 226 g",No Bull Burger,"kr 69,90",Hamburgere,"kr 309,29 per kg"
Barneprodukter,"Fra 4 mnd, 70 g",Sviske Sviske,"kr 17,00","Smoothie, yoghurt og mellommåltid","kr 242,86 per kg"
Is og desserter,"Piano, 150 g",Rislunsj Med Bringebær & Rips,"kr 11,90",Dessert,"kr 79,33 per kg"
Clas Ohlson-butikken,1 stk,Nisselue,"kr 39,90",Jul fra Clas Ohlson,"kr 39,90 per stk"
Clas Ohlson-butikken,1 stk,Lykt telefonkiosk,"kr 349,90",Jul fra Clas Ohlson,"kr 349,90 per stk"
Clas Ohlson-butikken,1 stk,Lykt vinterlandskap,"kr 299,90",Jul fra Clas Ohlson,"kr 299,90 per stk"
Clas Ohlson-butikken,1 stk,Adventsstake hvit,"kr 79,90",Jul fra Clas Ohlson,"kr 79,90 per stk"
Clas Ohlson-butikken,1 stk,Adventsstake rød,"kr 79,90",Jul fra Clas Ohlson,"kr 79,90 per stk"
Clas Ohlson-butikken,"38m med lys + 10m tilkoblingskabel, 1 stk",Diodeslynge 240 lys varmhvit,"kr 299,90",Jul fra Clas Ohlson,"kr 299,90 per stk"
Clas Ohlson-butikken,"12m med lys + 10m tilkoblingskabel, 1 stk",Diodeslynge 80 lys varmhvit,"kr 149,90",Jul fra Clas Ohlson,"kr 149,90 per stk"
Clas Ohlson-butikken,"12m med lys + 10m tilkoblingskabel, 1 stk",Diodeslynge 80 lys varmhvit,"kr 149,90",Jul fra Clas Ohlson,"kr 149,90 per stk"
Clas Ohlson-butikken,"2,7m med lys + 3m tilkoblingskabel, 1 stk",Diodeslynge 40 LED-lys Batteri,"kr 99,90",Jul fra Clas Ohlson,"kr 99,90 per stk"
Clas Ohlson-butikken,"5m med 60 lys + 5m tilkoblingskabel, 5 m",Girlander led,"kr 149,90",Jul fra Clas Ohlson,"kr 29,98 per m"
Trening,95 stk,D-vitamin,"kr 71,80",Kosttilskudd,"kr 0,76 per stk"
Trening,95 stk,C-max Appelsin,"kr 59,80",Kosttilskudd,"kr 0,63 per stk"
Trening,140 stk,Magnesium,"kr 107,90",Kosttilskudd,"kr 0,77 per stk"
Trening,"75 tabletter, 75 stk",Jern Tyggetablett,"kr 107,90",Kosttilskudd,"kr 1,44 per stk"
Trening,130 stk,Kostpluss Multitotal,"kr 86,90",Kosttilskudd,"kr 0,67 per stk"
Trening,75 stk,B-vitamin,"kr 60,90",Kosttilskudd,"kr 0,81 per stk"
Trening,250 ml,Floradix Formula Jern & Vitaminer,"kr 152,90",Kosttilskudd,"kr 611,60 per l"
Trening,100 stk,Vitamineral,"kr 77,90",Kosttilskudd,"kr 0,78 per stk"
Trening,30 stk,Gerimax Extreme Energy,"kr 148,90",Kosttilskudd,"kr 4,96 per stk"
Trening,"1000 mg, 20 stk",C-boost Sitron C-vitamin,"kr 57,80",Kosttilskudd,"kr 2,89 per stk"
Trening,"Brusetabletter, 20 stk",Stay Sharp Fersken & Aprikos,"kr 54,80",Kosttilskudd,"kr 2,74 per stk"
Kjøtt og kylling,"Fersk, ca. 2 kg",Hel Landkylling,"kr 211,70","Kylling, kalkun og and","kr 105,85 per kg"
Kjøtt og kylling,"ca. 2,4 kg",Økologisk Hel kylling,"kr 369,00","Kylling, kalkun og and","kr 153,75 per kg"
Kjøtt og kylling,ca. 345 g,Andebryst,"kr 125,00","Kylling, kalkun og and","kr 362,32 per kg"
Kjøtt og kylling,"Naturell, 380 g",Kyllingfilet,"kr 63,00","Kylling, kalkun og and","kr 165,79 per kg"
Kjøtt og kylling,"Naturell, 680 g",Kyllingfilet,"kr 85,00","Kylling, kalkun og and","kr 125,00 per kg"
Kjøtt og kylling,"Naturell, 900 g",Kyllingfilet,"kr 118,00","Kylling, kalkun og and","kr 131,11 per kg"
Kjøtt og kylling,"Vår Laveste Pris, 1,4 kg",Kyllingfilet Naturell,"kr 136,90","Kylling, kalkun og and","kr 97,79 per kg"
Kjøtt og kylling,400 g,Kylling lårfilet,"kr 60,30","Kylling, kalkun og and","kr 150,75 per kg"
Kjøtt og kylling,"Naturell, 450 g",Strimlet  Kyllingfilet,"kr 74,55","Kylling, kalkun og and","kr 165,67 per kg"
Kjøtt og kylling,750 g,Kyllingfilet,"kr 137,20","Kylling, kalkun og and","kr 182,93 per kg"
Barneprodukter,"Uten Parfyme, 250 ml",Neutral Kids Dusj,"kr 42,80",Våtservietter og såpe,"kr 171,20 per l"
Barneprodukter,250 ml,Baby Bad,"kr 38,90",Våtservietter og såpe,"kr 155,60 per l"
Barneprodukter,150 ml,Baby Olje,"kr 53,80",Våtservietter og såpe,"kr 358,67 per l"
Barneprodukter,"Uten Parfyme, 250 ml",Neutral Kids Shampo,"kr 43,80",Våtservietter og såpe,"kr 175,20 per l"
Barneprodukter,150 ml,Badesåpe Baby,"kr 33,10",Våtservietter og såpe,"kr 220,67 per l"
Barneprodukter,100 ml,Sinksalve,"kr 32,70",Våtservietter og såpe,"kr 327,00 per l"
Barneprodukter,250 ml,Babyolje,"kr 53,10",Våtservietter og såpe,"kr 212,40 per l"
Clas Ohlson-butikken,"Dobbel, 1 stk",Selvheftende baderomskrok,"kr 139,90",Hus & Hjem,"kr 139,90 per stk"
Clas Ohlson-butikken,"Enkel, 1 stk",Selvheftende baderomskrok,"kr 89,90",Hus & Hjem,"kr 89,90 per stk"
Clas Ohlson-butikken,1 stk,Fjernstrømbryter Nexa 3-pack,"kr 249,90",Hus & Hjem,"kr 249,90 per stk"
Clas Ohlson-butikken,"1.4m, 1 stk",4-veis grenuttak med USB,"kr 169,90",Hus & Hjem,"kr 169,90 per stk"
Clas Ohlson-butikken,1 stk,"Grenuttak 3-veis, jord","kr 49,90",Hus & Hjem,"kr 49,90 per stk"
Clas Ohlson-butikken,1 stk,Skjøteledning 3m med jord,"kr 59,90",Hus & Hjem,"kr 59,90 per stk"
Clas Ohlson-butikken,"2m, Hvit, 1 stk",Skjøteledning,"kr 49,90",Hus & Hjem,"kr 49,90 per stk"
Clas Ohlson-butikken,1 stk,2-veis Forgreningskontakt,"kr 49,90",Hus & Hjem,"kr 49,90 per stk"
Clas Ohlson-butikken,2 stk,Optisk brannvarsler,"kr 199,90",Hus & Hjem,"kr 99,95 per stk"
Clas Ohlson-butikken,"180x265mm, 10 stk",Boblepose,"kr 59,90",Kontorartikler,"kr 5,99 per stk"
Clas Ohlson-butikken,"8 deler, 1 stk",Notismix,"kr 69,90",Kontorartikler,"kr 69,90 per stk"
Clas Ohlson-butikken,1 stk,Kalkulator,"kr 69,90",Kontorartikler,"kr 69,90 per stk"
Clas Ohlson-butikken,"215x120mm, 10 stk",Boblepose,"kr 49,90",Kontorartikler,"kr 4,99 per stk"
Clas Ohlson-butikken,"360x270mm, 10 stk",Boblepose,"kr 69,90",Kontorartikler,"kr 6,99 per stk"
Clas Ohlson-butikken,1 stk,Klammer til Stiftemaskin 26/6,"kr 39,90",Kontorartikler,"kr 39,90 per stk"
Clas Ohlson-butikken,1 stk,Memotavle med penn,"kr 69,90",Kontorartikler,"kr 69,90 per stk"
Clas Ohlson-butikken,1 stk,Id kortholder med jojo,"kr 89,90",Kontorartikler,"kr 89,90 per stk"
Kjøtt og kylling,250 g,Chorizo-Knacker,"kr 38,80",Pølser,"kr 155,20 per kg"
Kjøtt og kylling,250 g,Bacon & Ost-Knacker,"kr 40,40",Pølser,"kr 161,60 per kg"
Kjøtt og kylling,250 g,Ost-Knacker,"kr 39,80",Pølser,"kr 159,20 per kg"
Kjøtt og kylling,"20 stk, 1,1 kg",Familiewiener 20stk,"kr 95,30",Pølser,"kr 86,64 per kg"
Kjøtt og kylling,"20 stk, 1,1 kg",Wienerpølser,"kr 105,90",Pølser,"kr 96,27 per kg"
Kjøtt og kylling,560 g,Wienerpølse,"kr 60,20",Pølser,"kr 107,50 per kg"
Kjøtt og kylling,"Go og Mager, 520 g",Wienerpølse,"kr 49,80",Pølser,"kr 95,77 per kg"
Kjøtt og kylling,"8 stk, 520 g",Wienerpølse,"kr 45,20",Pølser,"kr 86,92 per kg"
Kjøtt og kylling,"8 Stk, 500 g",Kylling Wiener,"kr 46,40",Pølser,"kr 92,80 per kg"
Trening,40 g,Toffee Fudge,"kr 33,40",Måltidserstatter og mellommåltid,"kr 835,00 per kg"
Trening,"Proteinbar, 50 g",Maxim 40% Salty Caramel,"kr 34,80",Måltidserstatter og mellommåltid,"kr 696,00 per kg"
Trening,"Proteinbar, 50 g",Maxim 40% Brownie,"kr 34,80",Måltidserstatter og mellommåltid,"kr 696,00 per kg"
Trening,"Proteinbar, 55 g",Maxim Freaky Caramel,"kr 31,80",Måltidserstatter og mellommåltid,"kr 578,18 per kg"
Trening,"Proteinbar, 55 g",Maxim Hero Chocolate,"kr 32,80",Måltidserstatter og mellommåltid,"kr 596,36 per kg"
Trening,"Proteinbar, 55 g",Maxim Hunky Peanut,"kr 31,80",Måltidserstatter og mellommåltid,"kr 578,18 per kg"
Trening,"Proteinbar, 55 g",Wildly Lemon Ginger,"kr 30,10",Måltidserstatter og mellommåltid,"kr 547,27 per kg"
Barneprodukter,"Fra 12 mnd, 190 g",Naturnes Pasta med Laks,"kr 21,60",Middagsglass,"kr 113,68 per kg"
Barneprodukter,"fra 1-3 år, 220 g",Biff Stroganoff Med Pasta,"kr 19,00",Middagsglass,"kr 86,36 per kg"
Barneprodukter,"1-3 år, 220 g",Couscous med Laks,"kr 19,80",Middagsglass,"kr 90,00 per kg"
Barneprodukter,"fra 1-3 år, 220 g",Spaghetti Bolognese Fullkorn,"kr 19,00",Middagsglass,"kr 86,36 per kg"
Barneprodukter,"Fra 6 mnd, 120 g",Lasagne Spiseklar,"kr 23,50",Middagsglass,"kr 195,83 per kg"
Barneprodukter,"Fra 6 mnd, 120 g",Spaghetti Bolognese Spiseklar,"kr 18,40",Middagsglass,"kr 153,33 per kg"
Barneprodukter,"Fra 6 mnd, 120 g",Couscous med Kylling Spiseklar,"kr 20,00",Middagsglass,"kr 166,67 per kg"
Barneprodukter,"Fra 8 mnd, 190 g",Pastagrateng med Skinke,"kr 21,10",Middagsglass,"kr 111,05 per kg"
Barneprodukter,"Fra 8 mnd, 190 g",Kjøttkaker I Brun Saus,"kr 16,60",Middagsglass,"kr 87,37 per kg"
Middager og tilbehør,400 g,Fullkornscouscous,"kr 29,80",Ris og gryn,"kr 74,50 per kg"
Clas Ohlson-butikken,"0.33l, 1 stk",Matboks Glass,"kr 44,90",Kjøkken,"kr 44,90 per stk"
Clas Ohlson-butikken,"1,5l, 1 stk",Matboks Glass,"kr 79,90",Kjøkken,"kr 79,90 per stk"
Clas Ohlson-butikken,"0,8l, 1 stk",Matboks Glass,"kr 49,90",Kjøkken,"kr 49,90 per stk"
Clas Ohlson-butikken,"Håndvaskes - ikke vaskemaskin, 1 stk",Påleggsboks,"kr 39,90",Kjøkken,"kr 39,90 per stk"
Clas Ohlson-butikken,1 stk,Kjøleskapsoppbevaring XS,"kr 24,90",Kjøkken,"kr 24,90 per stk"
Clas Ohlson-butikken,"til kjøleskapoppbevaring XS, 1 stk",Klart lokk,"kr 14,90",Kjøkken,"kr 14,90 per stk"
Middager og tilbehør,170 g,Chicken Chili Bowl,"kr 38,60",Middags-kit og gryteretter,"kr 227,06 per kg"
Middager og tilbehør,250 g,Tortelloni Ricotta & Spinat,"kr 29,00",Pasta og nudler,"kr 116,00 per kg"
Drikkevarer,"Uten Tilsatt Sukker, 330 ml",IsKaffe Salty Caramel,"kr 19,80",Iskaffe,"kr 60,00 per l"
Barneprodukter,"Fra 4 mnd, 70 g",Banan Banan,"kr 16,40","Smoothie, yoghurt og mellommåltid","kr 234,29 per kg"
Barneprodukter,"Fra 4 mnd, 120 g",Mango Pære + Papaya,"kr 25,30","Smoothie, yoghurt og mellommåltid","kr 210,83 per kg"
Barneprodukter,"Fra 4 mnd, 120 g",Fruktris Fersken + Pære,"kr 22,80","Smoothie, yoghurt og mellommåltid","kr 190,00 per kg"
Barneprodukter,"Fra 4 mnd, 120 g",Jordbær Rabarbra + Eple,"kr 26,40","Smoothie, yoghurt og mellommåltid","kr 220,00 per kg"
Barneprodukter,"Fra 4 mnd, 120 g",Banan + Kokos,"kr 24,80","Smoothie, yoghurt og mellommåltid","kr 206,67 per kg"
Barneprodukter,"Fra 4 mnd, 120 g",Blåbær Eple Banan+Vanilje,"kr 24,20","Smoothie, yoghurt og mellommåltid","kr 201,67 per kg"
Barneprodukter,"Fra 4 mnd, 120 g",Jordbær + Eple,"kr 24,90","Smoothie, yoghurt og mellommåltid","kr 207,50 per kg"
Barneprodukter,"Fra 4 mnd, 120 g",Squash Eple + Avokado,"kr 21,00","Smoothie, yoghurt og mellommåltid","kr 175,00 per kg"
Barneprodukter,"Fra 6 mnd, 90 g",The White One Smoothie,"kr 19,30","Smoothie, yoghurt og mellommåltid","kr 214,44 per kg"
Barneprodukter,"Fra 6 mnd, 90 g",The Purple One Smoothie,"kr 22,00","Smoothie, yoghurt og mellommåltid","kr 244,44 per kg"
Middager og tilbehør,"Familiepakning, 4 stk",Bearnaisesaus,"kr 31,40",Posesauser,"kr 7,85 per stk"
Is og desserter,"Piano, 150 g",Rislunsj Med Jordbær,"kr 11,80",Dessert,"kr 78,67 per kg"
Is og desserter,"Piano, 150 g",Rislunsj med Bringebær & Blåbær,"kr 11,90",Dessert,"kr 79,33 per kg"
Is og desserter,119 g,Piano Duo Yoghurt og Nøttetoffee,"kr 13,80",Dessert,"kr 115,97 per kg"
Is og desserter,455 g,Nora Sviskekompott,"kr 22,40",Dessert,"kr 49,23 per kg"
Is og desserter,125 g,Bringebærgele,"kr 14,40",Dessert,"kr 115,20 per kg"
Is og desserter,125 g,Jordbærgele,"kr 11,80",Dessert,"kr 94,40 per kg"
Is og desserter,125 g,Sitrongele,"kr 18,80",Dessert,"kr 150,40 per kg"
Clas Ohlson-butikken,5 m,Istappslynge led,"kr 299,90",Jul fra Clas Ohlson,"kr 59,98 per m"
Clas Ohlson-butikken,"sølv-mix, 54 stk",Juletrekuler,"kr 119,90",Jul fra Clas Ohlson,"kr 2,22 per stk"
Clas Ohlson-butikken,40 stk,Servietter røde,"kr 24,90",Jul fra Clas Ohlson,"kr 0,62 per stk"
Clas Ohlson-butikken,50 stk,Telys 100% stearin,"kr 49,90",Jul fra Clas Ohlson,"kr 1,00 per stk"
Middager og tilbehør,91 g,Tomatsuppe,"kr 18,10",Supper,"kr 198,90 per kg"
Drikkevarer,"0,5 l",Iste Fersken,"kr 26,10",Iste,"kr 52,20 per l"
Trening,"Brusetabeltter, 20 stk",Skin Glow Eple & Mint,"kr 56,70",Kosttilskudd,"kr 2,84 per stk"
Trening,20 stk,E-Burn Brusetablett,"kr 98,90",Kosttilskudd,"kr 4,95 per stk"
Trening,20 stk,E-Kick Brusetablett,"kr 98,90",Kosttilskudd,"kr 4,95 per stk"
Trening,20 stk,Fres Grønn Te Brusetablett,"kr 98,90",Kosttilskudd,"kr 4,95 per stk"
Trening,20 stk,Fres Guarana Brusetablett,"kr 98,90",Kosttilskudd,"kr 4,95 per stk"
Drikkevarer,"6 x 150ml, 900 ml","Smoothie Jordbær, Banan & Guava","kr 76,40",Smoothie,"kr 84,89 per l"
Drikkevarer,"0,5 l",Battery Energidrikk,"kr 19,90",Energidrikk,"kr 39,80 per l"
Kjøtt og kylling,700 g,Flatbird Med Salvie & Sitron,"kr 109,00","Kylling, kalkun og and","kr 155,71 per kg"
Kjøtt og kylling,"Med Soltørket tomat og oliven, 300 g","Tapasboller av kylling,","kr 69,00","Kylling, kalkun og and","kr 230,00 per kg"
Kjøtt og kylling,300 g,Kylling Nuggets,"kr 63,20","Kylling, kalkun og and","kr 210,67 per kg"
Kjøtt og kylling,"Crispy, 300 g",Kylling Lårbiff,"kr 57,50","Kylling, kalkun og and","kr 191,67 per kg"
Kjøtt og kylling,750 g,Grillede Kyllinglår,"kr 66,80","Kylling, kalkun og and","kr 89,07 per kg"
Kjøtt og kylling,800 g,Grillede Kyllinglårklubber,"kr 60,50","Kylling, kalkun og and","kr 75,63 per kg"
Kjøtt og kylling,ca. 290 g,Økologisk Kyllingbryst Med Skinn,"kr 129,00","Kylling, kalkun og and","kr 444,83 per kg"
Kjøtt og kylling,ca. 400 g,Økologisk Kyllingfilet I Skiver,"kr 179,00","Kylling, kalkun og and","kr 447,50 per kg"
Barneprodukter,250 ml,Shampo Baby,"kr 31,70",Våtservietter og såpe,"kr 126,80 per l"
Barneprodukter,"2 in 1, 300 ml",Bath & Wash Cottontouch,"kr 42,60",Våtservietter og såpe,"kr 142,00 per l"
Barneprodukter,300 ml,Top-to-toe Babywash,"kr 41,80",Våtservietter og såpe,"kr 139,33 per l"
Barneprodukter,"No More Tangles, 300 ml",Kids Shampo,"kr 42,60",Våtservietter og såpe,"kr 142,00 per l"
Barneprodukter,300 ml,Baby Shampo,"kr 42,60",Våtservietter og såpe,"kr 142,00 per l"
Barneprodukter,"Kids, 150 ml",Balsamspray,"kr 40,10",Våtservietter og såpe,"kr 267,33 per l"
Barneprodukter,"Cottontouch, 300 ml",Hair & Scalp Oil,"kr 47,60",Våtservietter og såpe,"kr 158,67 per l"
Clas Ohlson-butikken,"Transparent, 1 stk",Limpatroner 7x100mm,"kr 39,90",Hus & Hjem,"kr 39,90 per stk"
Clas Ohlson-butikken,1 stk,Limpistol grå,"kr 69,90",Hus & Hjem,"kr 69,90 per stk"
Clas Ohlson-butikken,1 stk,Lommelykt led focus,"kr 199,90",Hus & Hjem,"kr 199,90 per stk"
Clas Ohlson-butikken,"Værbestandig, 1 stk",Nøkkelskap m/kombinasjonslås,"kr 299,90",Hus & Hjem,"kr 299,90 per stk"
Clas Ohlson-butikken,1 stk,Paraply kompakt 103cm svart,"kr 79,90",Hus & Hjem,"kr 79,90 per stk"
Clas Ohlson-butikken,1 stk,Penselsett svart,"kr 29,90",Hus & Hjem,"kr 29,90 per stk"
Clas Ohlson-butikken,1 stk,"Termometer ute/inne 1,5m kabel","kr 79,90",Hus & Hjem,"kr 79,90 per stk"
Kjøtt og kylling,500 g,Kylling Wiener Halal,"kr 54,90",Pølser,"kr 109,80 per kg"
Kjøtt og kylling,"12 stk, 875 g",Prima Wienerpølse,"kr 71,90",Pølser,"kr 82,17 per kg"
Kjøtt og kylling,495 g,Grillpølse,"kr 34,80",Pølser,"kr 70,30 per kg"
Kjøtt og kylling,600 g,Grillpølse Ost & Chilli,"kr 56,00",Pølser,"kr 93,33 per kg"
Kjøtt og kylling,350 g,Ostegrill,"kr 31,70",Pølser,"kr 90,57 per kg"
Kjøtt og kylling,350 g,Bacongrill med Ost,"kr 33,60",Pølser,"kr 96,00 per kg"
Kjøtt og kylling,325 g,Ostegrill Kylling & Kalkun,"kr 41,70",Pølser,"kr 128,31 per kg"
Kjøtt og kylling,"7 Stk, 500 g",Kylling Grillpølse,"kr 27,50",Pølser,"kr 55,00 per kg"
Kjøtt og kylling,"Go og Mager, 600 g",Grillpølse,"kr 40,00",Pølser,"kr 66,67 per kg"
Trening,"Havrekjeks & Melkesjokolade, 25 g",Max99 Müslibar,"kr 16,80",Måltidserstatter og mellommåltid,"kr 672,00 per kg"
Trening,"Frukt Og Havre, 50 g",YT Energibar,"kr 23,80",Måltidserstatter og mellommåltid,"kr 476,00 per kg"
Trening,65 g,Yt Restitusjonsbar Med Peanøttsmak,"kr 31,10",Måltidserstatter og mellommåltid,"kr 478,46 per kg"
Barneprodukter,"Fra 12 mnd, 190 g",Fiskegrateng,"kr 20,10",Middagsglass,"kr 105,79 per kg"
Barneprodukter,"Fra 6 mnd, 190 g",Rotfrukter med Oksjekjøtt,"kr 22,20",Middagsglass,"kr 116,84 per kg"
Barneprodukter,"Fra 6 mnd, 190 g",Pasta med Broccoli,"kr 23,70",Middagsglass,"kr 124,74 per kg"
Barneprodukter,"Økologisk, fra 6 mnd, 190 g",Grønnsaks- & Kyllinggryte,"kr 20,40",Middagsglass,"kr 107,37 per kg"
Barneprodukter,"Fra 6 mnd, 190 g",Økologiske Favorittnudler,"kr 23,60",Middagsglass,"kr 124,21 per kg"
Barneprodukter,"Økologisk, fra 8mnd, 190 g",Grønnsaks- & Kalvegryte,"kr 21,40",Middagsglass,"kr 112,63 per kg"
Barneprodukter,"Fra 12 mnd, 190 g",Grønnsaker & Oksekjøtt,"kr 23,70",Middagsglass,"kr 124,74 per kg"
Barneprodukter,"Fra 12 mnd, 220 g",Grønnsaksrisotto & Kalkun,"kr 23,80",Middagsglass,"kr 108,18 per kg"
Middager og tilbehør,"Økologisk, 700 g",Basmatiris,"kr 88,30",Ris og gryn,"kr 126,14 per kg"
Middager og tilbehør,"Boil-in-bag, 300 g",Byggris,"kr 28,80",Ris og gryn,"kr 96,00 per kg"
Middager og tilbehør,"Boil-in-bag, 1 kg",Basmatiris,"kr 55,60",Ris og gryn,"kr 55,60 per kg"
Middager og tilbehør,"8 x 125g, Boil-in-bag, 1 kg",Basmatiris Villris,"kr 77,80",Ris og gryn,"kr 77,80 per kg"
Middager og tilbehør,"Økologisk, 700 g",Basmatiris Fullkorn,"kr 55,80",Ris og gryn,"kr 79,71 per kg"
Middager og tilbehør,"Økologisk, 350 g",Quinoa Hvit,"kr 75,30",Ris og gryn,"kr 215,14 per kg"
Middager og tilbehør,500 g,Penne Rigate,"kr 34,80",Ris og gryn,"kr 69,60 per kg"
Middager og tilbehør,2 kg,Jasminris,"kr 44,90",Ris og gryn,"kr 22,45 per kg"
Clas Ohlson-butikken,"til kjøleskapoppbevaring S, 1 stk",Klart lokk,"kr 29,90",Kjøkken,"kr 29,90 per stk"
Clas Ohlson-butikken,"til kjøleskapoppbevaring M, 1 stk",Klart lokk,"kr 29,90",Kjøkken,"kr 29,90 per stk"
Clas Ohlson-butikken,"til kjøleskapoppbevaring XS, 1 stk",Bambus lokk,"kr 29,90",Kjøkken,"kr 29,90 per stk"
Clas Ohlson-butikken,"til kjøleskapoppbevaring S, 1 stk",Bambus lokk,"kr 39,90",Kjøkken,"kr 39,90 per stk"
Clas Ohlson-butikken,"til kjøleskapoppbevaring M, 1 stk",Bambus lokk,"kr 59,90",Kjøkken,"kr 59,90 per stk"
Clas Ohlson-butikken,1 stk,Kjøleskapsoppbevaring for bokser,"kr 49,90",Kjøkken,"kr 49,90 per stk"
Clas Ohlson-butikken,1 stk,Kjøleskapsoppbevaring for egg,"kr 79,90",Kjøkken,"kr 79,90 per stk"
Clas Ohlson-butikken,1 stk,Kjøleskapsoppbevaring for flaske,"kr 39,90",Kjøkken,"kr 39,90 per stk"
Middager og tilbehør,150 g,Chili Con Carne Bowl,"kr 38,60",Middags-kit og gryteretter,"kr 257,33 per kg"
Middager og tilbehør,200 g,Lasagne,"kr 36,60",Middags-kit og gryteretter,"kr 183,00 per kg"
Middager og tilbehør,186 g,Rømmegrøt,"kr 21,80",Middags-kit og gryteretter,"kr 117,20 per kg"
Middager og tilbehør,"Snarkokt, 148 g",Risengrøt,"kr 24,80",Middags-kit og gryteretter,"kr 167,57 per kg"
Middager og tilbehør,800 g,Risgrøt,"kr 26,90",Middags-kit og gryteretter,"kr 33,63 per kg"
Middager og tilbehør,318 g,Tikka Masala Indisk,"kr 69,80",Middags-kit og gryteretter,"kr 219,50 per kg"
Middager og tilbehør,"Kit, 290 g",Indisk Tandoori Chicken,"kr 48,80",Middags-kit og gryteretter,"kr 168,28 per kg"
Middager og tilbehør,250 g,Tortellini Skinke & Ost,"kr 29,20",Pasta og nudler,"kr 116,80 per kg"
Middager og tilbehør,400 g,Tagliatelle,"kr 32,30",Pasta og nudler,"kr 80,75 per kg"
Middager og tilbehør,250 g,Perline med Parmigiano Reggiano,"kr 24,10",Pasta og nudler,"kr 96,40 per kg"
Middager og tilbehør,500 g,Tortelloni Bolognese,"kr 45,70",Pasta og nudler,"kr 91,40 per kg"
Middager og tilbehør,250 g,Tagliatelle Glutenfri,"kr 56,80",Pasta og nudler,"kr 227,20 per kg"
Middager og tilbehør,250 g,Tortelloni Med Skinke,"kr 29,00",Pasta og nudler,"kr 116,00 per kg"
Middager og tilbehør,400 g,Spaghetti Glutenfri,"kr 50,40",Pasta og nudler,"kr 126,00 per kg"
Middager og tilbehør,500 g,Fusilli,"kr 39,60",Pasta og nudler,"kr 79,20 per kg"
Middager og tilbehør,500 g,Caserecce,"kr 39,60",Pasta og nudler,"kr 79,20 per kg"
Drikkevarer,"Uten Tilsatt Sukker, 330 ml",IsKaffe Latte Zero,"kr 19,80",Iskaffe,"kr 60,00 per l"
Drikkevarer,"Uten Tilsatt Sukker, 0,33 l",Iskaffe Cappuccino Zero,"kr 19,80",Iskaffe,"kr 60,00 per l"
Drikkevarer,"0,33 l",IsKaffe Brasil,"kr 19,80",Iskaffe,"kr 60,00 per l"
Drikkevarer,330 ml,IsKaffe Caffe Mocca,"kr 19,80",Iskaffe,"kr 60,00 per l"
Drikkevarer,"0,33 l",Iskaffe Cappuccino,"kr 19,80",Iskaffe,"kr 60,00 per l"
Drikkevarer,1 l,IsKaffe Cappuccino,"kr 46,80",Iskaffe,"kr 46,80 per l"
Drikkevarer,"8 stk, 112 g",Ice Coffee,"kr 34,80",Iskaffe,"kr 310,71 per kg"
Drikkevarer,220 ml,Cappuccino,"kr 21,80",Iskaffe,"kr 99,09 per l"
Middager og tilbehør,190 g,Pesto Alla Genovese,"kr 34,80",Ferdigsauser,"kr 183,16 per kg"
Drikkevarer,"0,8 l",Bright Lemon Lime,"kr 41,80",Saft,"kr 52,25 per l"
Barneprodukter,"Fra 6 mnd, 90 g",The Red One Smoothie,"kr 18,80","Smoothie, yoghurt og mellommåltid","kr 208,89 per kg"
Barneprodukter,"Fra 6 mnd, 90 g","The Green One, Smoothie","kr 19,20","Smoothie, yoghurt og mellommåltid","kr 213,33 per kg"
Barneprodukter,"Fra 6 mnd, 90 g",The Yellow One Smoothie,"kr 20,40","Smoothie, yoghurt og mellommåltid","kr 226,67 per kg"
Barneprodukter,"Fra 6 mnd, 90 g",The Pink One Smoothie,"kr 19,00","Smoothie, yoghurt og mellommåltid","kr 211,11 per kg"
Barneprodukter,"Fra 6 mnd, 100 g",Frukt Yoghurt + Havre Mango,"kr 21,00","Smoothie, yoghurt og mellommåltid","kr 210,00 per kg"
Barneprodukter,"Fra 6 mnd, 100 g",Frukt Yoghurt + Havre Banan,"kr 25,90","Smoothie, yoghurt og mellommåltid","kr 259,00 per kg"
Barneprodukter,"Fra 6 mnd, 100 g","Frukt Yoghurt + Havre, Blåbær + Pære","kr 24,40","Smoothie, yoghurt og mellommåltid","kr 244,00 per kg"
Barneprodukter,"Fra 6 mnd, 90 g",Lev Vel Smoothie Jordbær & Bjørnebær,"kr 14,40","Smoothie, yoghurt og mellommåltid","kr 160,00 per kg"
Middager og tilbehør,21 g,Lett Bearnaisesaus,"kr 16,30",Posesauser,"kr 776,19 per kg"
Middager og tilbehør,29 g,Bearnaisesaus,"kr 15,50",Posesauser,"kr 534,48 per kg"
Middager og tilbehør,4 stk,Bretagne Kyllingsaus Familiepakke,"kr 39,80",Posesauser,"kr 9,95 per stk"
Middager og tilbehør,27 g,Bretagne kyllingsaus,"kr 11,80",Posesauser,"kr 437,04 per kg"
Middager og tilbehør,30 g,Kremet kyllingsaus,"kr 17,80",Posesauser,"kr 593,33 per kg"
Middager og tilbehør,23 g,Kantarell & Sjampinjongsaus,"kr 21,80",Posesauser,"kr 947,83 per kg"
Middager og tilbehør,50 g,Fløtesaus,"kr 16,80",Posesauser,"kr 336,00 per kg"
Middager og tilbehør,"Økonomipakke, 4 poser, 180 g",Kjøttkakesaus,"kr 27,40",Posesauser,"kr 152,22 per kg"
Middager og tilbehør,45 g,Kjøttkakesaus,"kr 15,50",Posesauser,"kr 344,44 per kg"
Middager og tilbehør,15 g,Sjysaus,"kr 13,20",Posesauser,"kr 880,00 per kg"
Is og desserter,125 g,Appelsingele,"kr 21,80",Dessert,"kr 174,40 per kg"
Is og desserter,125 g,Blåbærgelé,"kr 27,40",Dessert,"kr 219,20 per kg"
Is og desserter,"3pk, 0,75 l",Piano Vaniljesaus,"kr 40,40",Dessert,"kr 53,87 per l"
Is og desserter,125 g,Kiwigelé,"kr 20,40",Dessert,"kr 163,20 per kg"
Is og desserter,125 g,Pasjonsfruktgelé,"kr 18,60",Dessert,"kr 148,80 per kg"
Is og desserter,"0,5 l",Vaniljesaus Piano,"kr 26,00",Dessert,"kr 52,00 per l"
Is og desserter,"0,5 l",Piano Bringebærsaus,"kr 25,40",Dessert,"kr 50,80 per l"
Is og desserter,"Til Koking, 19 g",Vaniljesaus,"kr 12,40",Dessert,"kr 652,63 per kg"
Is og desserter,"Uten koking, 56 g",Vaniljesaus Instant,"kr 14,80",Dessert,"kr 264,29 per kg"
Middager og tilbehør,119 g,Tomatsuppe med Makaroni,"kr 21,60",Supper,"kr 181,51 per kg"
Middager og tilbehør,65 g,Kremet blomkålsuppe,"kr 21,80",Supper,"kr 335,38 per kg"
Middager og tilbehør,64 g,Blomkål & Brokkolisuppe,"kr 32,80",Supper,"kr 512,50 per kg"
Middager og tilbehør,47 g,Grønnsaksuppe,"kr 26,10",Supper,"kr 555,32 per kg"
Middager og tilbehør,79 g,Spinatsuppe Kremet,"kr 28,40",Supper,"kr 359,49 per kg"
Middager og tilbehør,81 g,Kjøttsuppe med Grønnsaker,"kr 33,80",Supper,"kr 417,28 per kg"
Middager og tilbehør,112 g,Betasuppe,"kr 25,80",Supper,"kr 230,36 per kg"
Drikkevarer,"0,5 l",Iste Original Zero,"kr 25,10",Iste,"kr 50,20 per l"
Drikkevarer,"0,5 l",Iste Lime,"kr 26,10",Iste,"kr 52,20 per l"
Drikkevarer,"0,5 l",Iste Guava,"kr 27,10",Iste,"kr 54,20 per l"
Drikkevarer,"0,5 l",Lipton Peach Ice Tea,"kr 29,60",Iste,"kr 59,20 per l"
Drikkevarer,"0,5 l",Lemon Zero Ice Tea,"kr 28,00",Iste,"kr 56,00 per l"
Drikkevarer,"0,5 l",Lipton Ice Tea Mango,"kr 28,20",Iste,"kr 56,40 per l"
Drikkevarer,"0,5 l",Lipton Ice Tea Lemon,"kr 28,20",Iste,"kr 56,40 per l"
Drikkevarer,"1,5 l",Iste Fersken,"kr 31,60",Iste,"kr 21,07 per l"
Drikkevarer,"1,5 l",Iste Sitron,"kr 34,10",Iste,"kr 22,73 per l"
Drikkevarer,"1,5 l",Iste Fersken,"kr 32,40",Iste,"kr 21,60 per l"
Drikkevarer,"6 x 150ml, 900 ml",Smoothie Mango & Appelsin,"kr 76,40",Smoothie,"kr 84,89 per l"
Drikkevarer,"6 x 150ml, 900 ml",Smoothie Fersken & Pasjonsfrukt,"kr 74,00",Smoothie,"kr 82,22 per l"
Drikkevarer,750 ml,Smoothie Mango & Appelsin,"kr 46,80",Smoothie,"kr 62,40 per l"
Drikkevarer,750 ml,Smoothie Blåbær & Bringebær,"kr 46,80",Smoothie,"kr 62,40 per l"
Drikkevarer,750 ml,"Smoothie Jordbær, Banan & Guava","kr 45,00",Smoothie,"kr 60,00 per l"
Drikkevarer,750 ml,"Smoothie Ananas, Banan & Kokos","kr 46,80",Smoothie,"kr 62,40 per l"
Drikkevarer,750 ml,Smoothie Fersken & pasjonsfrukt,"kr 45,00",Smoothie,"kr 60,00 per l"
Drikkevarer,250 ml,"Smoothie Ananas, Banan & Kokos",,Smoothie,"kr 73,92 per l"
Drikkevarer,750 ml,"Smoothie Appelsin, Gulrot & Ingefær","kr 45,00",Smoothie,"kr 60,00 per l"
Drikkevarer,"0,5 l",Battery No Calorie,"kr 24,90",Energidrikk,"kr 49,80 per l"
Drikkevarer,"4 x 0,33l, 1,32 l",Battery Energy Drink,"kr 77,30",Energidrikk,"kr 58,56 per l"
Drikkevarer,"0,5 l",Battery Remix,"kr 24,40",Energidrikk,"kr 48,80 per l"
Drikkevarer,"No Calories, 0,33 l",Battery Raspberry,"kr 16,90",Energidrikk,"kr 51,21 per l"
Drikkevarer,"No Calories, 0,33 l",Battery Green Apple,"kr 16,90",Energidrikk,"kr 51,21 per l"
Drikkevarer,"0,5 l",Battery FRSH,"kr 22,90",Energidrikk,"kr 45,80 per l"
Kjøtt og kylling,"Av Grillet Kyllinglår uten Skinn, 200 g",Salatkjøtt,"kr 42,70","Kylling, kalkun og and","kr 213,50 per kg"
Kjøtt og kylling,900 g,Grillede Kyllingvinger,"kr 66,90","Kylling, kalkun og and","kr 74,33 per kg"
Kjøtt og kylling,200 g,Kyllingfilet Stekt Og Skivet Soltørket Tomat,"kr 51,40","Kylling, kalkun og and","kr 257,00 per kg"
Kjøtt og kylling,"Stekt & Spiseklar, 200 g",Kreolsk sandwichfilet Av Kylling,"kr 52,50","Kylling, kalkun og and","kr 262,50 per kg"
Kjøtt og kylling,200 g,Kyllingfilet Stekt Og Skivet Naturell,"kr 51,40","Kylling, kalkun og and","kr 257,00 per kg"
Kjøtt og kylling,200 g,Kyllingfilet Stekt Og Spiseklar Chili Og Ingefær,"kr 51,40","Kylling, kalkun og and","kr 257,00 per kg"
Kjøtt og kylling,320 g,Filet Pieces,"kr 72,00","Kylling, kalkun og and","kr 225,00 per kg"
Kjøtt og kylling,180 g,Chicken Bites,"kr 53,10","Kylling, kalkun og and","kr 295,00 per kg"
Kjøtt og kylling,ca. 500 g,Kylling Lårfilet,"kr 87,80","Kylling, kalkun og and","kr 175,60 per kg"
Barneprodukter,300 ml,Bodylotion Cottontouch,"kr 47,60",Våtservietter og såpe,"kr 158,67 per l"
Barneprodukter,100 g,Babypudder,"kr 34,60",Våtservietter og såpe,"kr 346,00 per kg"
Barneprodukter,110 g,Nappy Cream Sinksalve,"kr 37,60",Våtservietter og såpe,"kr 341,82 per kg"
Barneprodukter,"0-2 år, Assortert Farge, 1 stk",Jordan Tannbørste,"kr 34,60",Våtservietter og såpe,"kr 34,60 per stk"
Barneprodukter,"3-5 År, Assortert farge, 1 stk",Tannbørste,"kr 33,90",Våtservietter og såpe,"kr 33,90 per stk"
Barneprodukter,"6-9 år, Assortert Farge, 1 stk",Tannbørste,"kr 35,80",Våtservietter og såpe,"kr 35,80 per stk"
Barneprodukter,"assortert variant, 1 stk",Tannbørste 0-5 år,"kr 34,60",Våtservietter og såpe,"kr 34,60 per stk"
Barneprodukter,"0-3 år, 50 ml",Zendium Kids Tannkrem,"kr 26,40",Våtservietter og såpe,"kr 528,00 per l"
Clas Ohlson-butikken,1 stk,Trådløs termometer ute/inne,"kr 169,90",Hus & Hjem,"kr 169,90 per stk"
Clas Ohlson-butikken,1 stk,Fleecepledd hvit,"kr 149,90",Hus & Hjem,"kr 149,90 per stk"
Clas Ohlson-butikken,1 stk,Trådløs brannvarsler 2-pack,"kr 499,90",Hus & Hjem,"kr 499,90 per stk"
Clas Ohlson-butikken,1 stk,Vifteovn 2000w,"kr 249,90",Hus & Hjem,"kr 249,90 per stk"
Clas Ohlson-butikken,1 stk,Vifteovn Mill 1800w,"kr 599,00",Hus & Hjem,"kr 599,00 per stk"
Clas Ohlson-butikken,1 stk,Varmeovn oljefylt 500w,"kr 369,90",Hus & Hjem,"kr 369,90 per stk"
Kjøtt og kylling,500 g,Grillpølse Kylling Halal,"kr 44,60",Pølser,"kr 89,20 per kg"
Kjøtt og kylling,"6 stk, 480 g",Ostegrill,"kr 43,40",Pølser,"kr 90,42 per kg"
Kjøtt og kylling,600 g,Grillpølse,"kr 39,20",Pølser,"kr 65,33 per kg"
Kjøtt og kylling,200 g,Smårettpølse,"kr 34,80",Pølser,"kr 174,00 per kg"
Kjøtt og kylling,"1,2 kg",Røkt Kjøttpølse Original,"kr 86,10",Pølser,"kr 71,75 per kg"
Kjøtt og kylling,"Skinnfri, 450 g",Røkt Kjøttpølse,"kr 30,80",Pølser,"kr 68,44 per kg"
Kjøtt og kylling,"Skinnfri, 450 g",Røkt Kjøttpølse Av Kylling & Kalkun,"kr 49,70",Pølser,"kr 110,44 per kg"
Kjøtt og kylling,"Go og Mager, 450 g",Røkt Kjøttpølse uten Skinn,"kr 30,60",Pølser,"kr 68,00 per kg"
Kjøtt og kylling,450 g,Kalkunkorv,"kr 43,80",Pølser,"kr 97,33 per kg"
Kjøtt og kylling,400 g,Falukorv,"kr 48,40",Pølser,"kr 121,00 per kg"
Barneprodukter,"Fra 12 mnd, 250 g",Tortiglioni med Kjøtt,"kr 24,40",Middagsglass,"kr 97,60 per kg"
Barneprodukter,"Økologisk, Fra 4 mnd, 120 g",Eple Gulrot + Pastinakk,"kr 26,50",Middagsglass,"kr 26,50 per stk"
Barneprodukter,"Fra 6 mnd, 180 g",Pasta Bolognese,"kr 25,90",Middagsglass,"kr 143,89 per kg"
Barneprodukter,"Fra 8 mnd, 180 g",Lasagne,"kr 25,90",Middagsglass,"kr 143,89 per kg"
Middager og tilbehør,2 kg,Middagsris Ståpose,"kr 29,80",Ris og gryn,"kr 14,90 per kg"
Middager og tilbehør,500 g,Sushiris,"kr 64,20",Ris og gryn,"kr 128,40 per kg"
Middager og tilbehør,500 g,Risotto Carnaroli,"kr 31,10",Ris og gryn,"kr 62,20 per kg"
Middager og tilbehør,300 g,Paella,"kr 59,90",Ris og gryn,"kr 199,67 per kg"
Middager og tilbehør,"Med Steinsopp, 250 g",Risotto,"kr 54,80",Ris og gryn,"kr 219,20 per kg"
Clas Ohlson-butikken,"Gullfarge, 1 stk",Bestikksett 24 deler,"kr 399,90",Kjøkken,"kr 399,90 per stk"
Clas Ohlson-butikken,1 stk,"Kjøkkenvekt 5kg, Sølv","kr 169,90",Kjøkken,"kr 169,90 per stk"
Clas Ohlson-butikken,1 stk,Kokkekniv Coline 20cm,"kr 199,90",Kjøkken,"kr 199,90 per stk"
Clas Ohlson-butikken,"Capere, 1 stk",Skrellekniv 9cm,"kr 99,90",Kjøkken,"kr 99,90 per stk"
Clas Ohlson-butikken,1 stk,Brødkniv 20cm,"kr 199,90",Kjøkken,"kr 199,90 per stk"
Clas Ohlson-butikken,1 stk,Kniver 4-pack,"kr 139,90",Kjøkken,"kr 139,90 per stk"
Clas Ohlson-butikken,1 stk,Gryte 1.5l rustfri coline,"kr 199,90",Kjøkken,"kr 199,90 per stk"
Middager og tilbehør,80 g,Tandoori Kyllinggryte,"kr 36,60",Middags-kit og gryteretter,"kr 457,50 per kg"
Middager og tilbehør,91 g,Bali Kyllinggryte,"kr 30,80",Middags-kit og gryteretter,"kr 338,46 per kg"
Middager og tilbehør,"Pulver, 136 g",Gresk Moussaka,"kr 51,40",Middags-kit og gryteretter,"kr 377,94 per kg"
Middager og tilbehør,108 g,Tomat Pølsegryte,"kr 51,20",Middags-kit og gryteretter,"kr 474,07 per kg"
Middager og tilbehør,176 g,Italiensk Gryte,"kr 38,00",Middags-kit og gryteretter,"kr 215,91 per kg"
Middager og tilbehør,207 g,Bolognesegryte Med Basilikum,"kr 50,80",Middags-kit og gryteretter,"kr 245,41 per kg"
Middager og tilbehør,500 g,Farfalle,"kr 38,80",Pasta og nudler,"kr 77,60 per kg"
Middager og tilbehør,500 g,Mezzi Rigatoni,"kr 39,60",Pasta og nudler,"kr 79,20 per kg"
Middager og tilbehør,500 g,Tagliatelle,"kr 44,20",Pasta og nudler,"kr 88,40 per kg"
Middager og tilbehør,500 g,Gnocchi,"kr 72,70",Pasta og nudler,"kr 145,40 per kg"
Middager og tilbehør,1 kg,Spaghetti Fullkorn,"kr 40,40",Pasta og nudler,"kr 40,40 per kg"
Middager og tilbehør,1 kg,Spaghetti,"kr 31,70",Pasta og nudler,"kr 31,70 per kg"
Drikkevarer,220 ml,Caramel Macchiato,"kr 21,80",Iskaffe,"kr 99,09 per l"
Drikkevarer,"2,5 dl",Iskaffe Cappuccino,"kr 21,90",Iskaffe,"kr 87,60 per l"
Drikkevarer,"2,5 dl",Iskaffe Latte,"kr 18,90",Iskaffe,"kr 75,60 per l"
Middager og tilbehør,400 g,Basilico,"kr 30,00",Ferdigsauser,"kr 75,00 per kg"
Middager og tilbehør,400 g,"Classico, Italiensk Tomatsaus med Urter","kr 28,70",Ferdigsauser,"kr 71,75 per kg"
Middager og tilbehør,300 g,Pastasaus Tomat,"kr 31,10",Ferdigsauser,"kr 103,67 per kg"
Middager og tilbehør,300 g,Pastasaus med Basilikum,"kr 31,10",Ferdigsauser,"kr 103,67 per kg"
Middager og tilbehør,"Soltørket tomat og basilikum, 350 g",Tomatsaus,"kr 55,60",Ferdigsauser,"kr 158,86 per kg"
Drikkevarer,"0,8 l",Rhubarb Passion,"kr 43,80",Saft,"kr 54,75 per l"
Drikkevarer,"0,8 l",Cloudy Apple,"kr 41,80",Saft,"kr 52,25 per l"
Drikkevarer,"0,8 l",Fun Light Mandarin Madness,"kr 42,10",Saft,"kr 52,63 per l"
Drikkevarer,"0,8 l",Fun Light Bringebær,"kr 42,70",Saft,"kr 53,38 per l"
Drikkevarer,"0,8 l",Fun Light Fruktfest,"kr 39,40",Saft,"kr 49,25 per l"
Barneprodukter,"Fra 6 mnd, 90 g",Lev Vel Smoothie Kiwi & Mango,"kr 15,00","Smoothie, yoghurt og mellommåltid","kr 166,67 per kg"
Barneprodukter,"Fra 6 mnd, 90 g",Lev Vel Smoothie Søtpotet & Blåbær,"kr 15,00","Smoothie, yoghurt og mellommåltid","kr 166,67 per kg"
Barneprodukter,"Fra 6 mnd, 90 g",Lev Vel Smoothie Aprikos & Solbær,"kr 15,00","Smoothie, yoghurt og mellommåltid","kr 166,67 per kg"
Barneprodukter,"Fra 6 mnd, 90 g",Lev Vel Smoothie Skogsbær,"kr 15,20","Smoothie, yoghurt og mellommåltid","kr 168,89 per kg"
Barneprodukter,"Fra 9 mnd, 90 g",Lev Vel Yoghurt med Frukt Bær,"kr 15,60","Smoothie, yoghurt og mellommåltid","kr 173,33 per kg"
Barneprodukter,"Fra 9 mnd, 90 g",Lev Vel Yoghurt med Tropisk Frukt,"kr 15,60","Smoothie, yoghurt og mellommåltid","kr 173,33 per kg"
Middager og tilbehør,"Økonomipakke, 4 poser, 84 g",Peppersaus,"kr 37,00",Posesauser,"kr 440,48 per kg"
Middager og tilbehør,30 g,Peppersaus,"kr 12,60",Posesauser,"kr 420,00 per kg"
Middager og tilbehør,44 g,Brun saus uten løk,"kr 11,90",Posesauser,"kr 270,45 per kg"
Middager og tilbehør,47 g,Brun Saus med Løk,"kr 11,60",Posesauser,"kr 246,81 per kg"
Middager og tilbehør,31 g,Rødvinsaus Original,"kr 21,60",Posesauser,"kr 696,77 per kg"
Is og desserter,113 g,Sjokoladepudding,"kr 18,40",Dessert,"kr 162,83 per kg"
Is og desserter,100 g,Sjokolademousse Sjokobiter,"kr 27,40",Dessert,"kr 274,00 per kg"
Is og desserter,100 g,Sjokolademousse Daim,"kr 20,80",Dessert,"kr 208,00 per kg"
Is og desserter,1 l,Piano Karamellpudding,"kr 43,20",Dessert,"kr 43,20 per l"
Middager og tilbehør,100 g,Meksikansk tomatsuppe,"kr 23,20",Supper,"kr 232,00 per kg"
Middager og tilbehør,84 g,Thaisuppe Red Curry,"kr 32,80",Supper,"kr 390,48 per kg"
Middager og tilbehør,146 g,Gul ertesuppe,"kr 23,80",Supper,"kr 163,01 per kg"
Middager og tilbehør,81 g,Bergensk Fiskesuppe,"kr 20,40",Supper,"kr 251,85 per kg"
Middager og tilbehør,70 g,Lofoten fiskesuppe,"kr 22,20",Supper,"kr 317,14 per kg"
Middager og tilbehør,73 g,Tomatsuppe Glutenfri,"kr 20,80",Supper,"kr 284,93 per kg"
Middager og tilbehør,52 g,Glutenfri Blomkålsuppe,"kr 26,80",Supper,"kr 515,38 per kg"
Middager og tilbehør,350 g,Fiskesuppe med Creme Fraiche & Urter,"kr 43,90",Supper,"kr 125,43 per kg"
Drikkevarer,"1,5 l",Iste Fersken X,"kr 32,30",Iste,"kr 21,53 per l"
Drikkevarer,"0,8 l",Fun Light Ice Tea Peach,"kr 42,80",Iste,"kr 53,50 per l"
Drikkevarer,250 ml,Smoothie Gulrot & Ingefær,,Smoothie,"kr 73,92 per l"
Drikkevarer,250 ml,Smoothie Blåbær & Bringebær,"kr 23,10",Smoothie,"kr 92,40 per l"
Drikkevarer,250 ml,"Smoothie Jordbær, Banan & Guava",,Smoothie,"kr 73,92 per l"
Drikkevarer,250 ml,Smoothie Mango & Appelsin,,Smoothie,"kr 73,92 per l"
Drikkevarer,200 ml,Rå Orange Smoothie,"kr 24,00",Smoothie,"kr 120,00 per l"
Drikkevarer,"Red Mango, 250 ml",Smoothie,"kr 42,20",Smoothie,"kr 168,80 per l"
Drikkevarer,"Mango, 250 ml",Smoothie,"kr 42,20",Smoothie,"kr 168,80 per l"
Drikkevarer,"0,5 l",Battery BRRY,"kr 22,90",Energidrikk,"kr 45,80 per l"
Drikkevarer,"0,5 l",Battery PeachBRRY,"kr 22,90",Energidrikk,"kr 45,80 per l"
Drikkevarer,"0,4 l",Battery Energy Drink,"kr 16,90",Energidrikk,"kr 42,25 per l"
Drikkevarer,"0,25 l",Red Bull Sugar Free,"kr 21,80",Energidrikk,"kr 87,20 per l"
Drikkevarer,"0,25 l",Red Bull,"kr 21,80",Energidrikk,"kr 87,20 per l"
Drikkevarer,"0,25 l",Red Bull Peach Edition,"kr 22,90",Energidrikk,"kr 91,60 per l"
Drikkevarer,250 ml,Coke Energy,"kr 19,40",Energidrikk,"kr 77,60 per l"
Drikkevarer,"Uten Sukker, 0,25 l",Coke Energy,"kr 19,40",Energidrikk,"kr 77,60 per l"
Drikkevarer,"0,5 l",Burn Original,"kr 27,40",Energidrikk,"kr 54,80 per l"
Kjøtt og kylling,610 g,Stekt Peking Andefilet,"kr 155,00","Kylling, kalkun og and","kr 254,10 per kg"
Kjøtt og kylling,500 g,Kyllinglever,"kr 57,80","Kylling, kalkun og and","kr 115,60 per kg"
Kjøtt og kylling,"4-5 stk Lår, 1,24 kg",Confit de Canard,"kr 612,60","Kylling, kalkun og and","kr 494,03 per kg"
Kjøtt og kylling,5 kg,Fryste Kyllingkjøttboller,"kr 299,00","Kylling, kalkun og and","kr 59,80 per kg"
Kjøtt og kylling,ca. 6 kg,Hel Kalkun,"kr 551,10","Kylling, kalkun og and","kr 91,85 per kg"
Kjøtt og kylling,"ca. 1,2 kg",Hel Grillet Kylling,"kr 84,90","Kylling, kalkun og and","kr 70,75 per kg"
Kjøtt og kylling,"ca. 1,5 kg",Hel Rå Kylling Naturell,"kr 91,40","Kylling, kalkun og and","kr 60,93 per kg"
Barneprodukter,"5+ år, 50 ml",Zendium Junior,"kr 25,30",Våtservietter og såpe,"kr 506,00 per l"
Barneprodukter,"Assortert design og smak, 0-6 år, 50 ml",Barnetannkrem,"kr 23,60",Våtservietter og såpe,"kr 472,00 per l"
Barneprodukter,1 stk,Kids Flosser Kit,"kr 53,10",Våtservietter og såpe,"kr 1,48 per bruk"
Barneprodukter,"Assorterte smaker, 150 stk",Fluortablett Mix,"kr 57,80",Våtservietter og såpe,"kr 0,39 per stk"
Barneprodukter,20 stk,Minions Plaster,"kr 53,80",Våtservietter og såpe,"kr 2,69 per stk"
Barneprodukter,40 g,Kløver Vaseline,"kr 38,80",Våtservietter og såpe,"kr 970,00 per kg"
Barneprodukter,15 stk,Lommeletter,"kr 20,10",Våtservietter og såpe,"kr 1,34 per stk"
Clas Ohlson-butikken,"hjørne sugekopp krom, 1 stk",Dusjkurv,"kr 239,90",Hus & Hjem,"kr 239,90 per stk"
Clas Ohlson-butikken,"5L hvit, 1 stk",Pedalbøtte softclose,"kr 279,90",Hus & Hjem,"kr 279,90 per stk"
Clas Ohlson-butikken,"5L svart, 1 stk",Pedalbøtte softclose,"kr 279,90",Hus & Hjem,"kr 279,90 per stk"
Clas Ohlson-butikken,"Hvit (70x38cm), 1 stk",Badekarmatte,"kr 159,90",Hus & Hjem,"kr 159,90 per stk"
Clas Ohlson-butikken,"30mm, 1 stk",Hengelås,"kr 49,90",Hus & Hjem,"kr 49,90 per stk"
Clas Ohlson-butikken,1 stk,Bildekrok gips Hercules,"kr 79,90",Hus & Hjem,"kr 79,90 per stk"
Clas Ohlson-butikken,16 stk,Filtknotter 20mm hvit selvklebende,"kr 29,90",Hus & Hjem,"kr 1,87 per stk"
Clas Ohlson-butikken,1 stk,Toalettrullholder,"kr 149,90",Hus & Hjem,"kr 149,90 per stk"
Clas Ohlson-butikken,1 stk,Peissett 3 deler sort,"kr 179,90",Hus & Hjem,"kr 179,90 per stk"
Kjøtt og kylling,500 g,Blodpølse Snabb,"kr 47,20",Pølser,"kr 94,40 per kg"
Kjøtt og kylling,400 g,Falukorv Snabb,"kr 56,00",Pølser,"kr 140,00 per kg"
Kjøtt og kylling,2 stk,Beyond Sausage Bratwurst,"kr 101,70",Pølser,"kr 508,50 per kg"
Kjøtt og kylling,"6 stk, 300 g",Plant-based Sausage,"kr 51,10",Pølser,"kr 170,33 per kg"
Kjøtt og kylling,"Plantebasert, 200 g",Smoked Sausage,"kr 52,60",Pølser,"kr 263,00 per kg"
Kjøtt og kylling,"5 stk, 300 g",Sausages,"kr 46,90",Pølser,"kr 156,33 per kg"
Kjøtt og kylling,250 g,Telepølse,"kr 40,70",Pølser,"kr 162,80 per kg"
Kjøtt og kylling,720 g,Prima Røkte Kjøttpølser,"kr 34,90",Pølser,"kr 48,47 per kg"
Middager og tilbehør,"Med Asparges, 250 g",Risotto,"kr 54,80",Ris og gryn,"kr 219,20 per kg"
Middager og tilbehør,"Med Paprika, 250 g",Risotto,"kr 54,80",Ris og gryn,"kr 219,20 per kg"
Middager og tilbehør,"Tomat og Basilikum, 250 g",Risotto,"kr 54,80",Ris og gryn,"kr 219,20 per kg"
Middager og tilbehør,400 g,Quinoa,"kr 57,60",Ris og gryn,"kr 144,00 per kg"
Middager og tilbehør,"Boil-in-bag 8x125g, 1 kg",Fullkornsris,"kr 39,60",Ris og gryn,"kr 39,60 per kg"
Middager og tilbehør,500 g,Basmatiris Løs,"kr 27,00",Ris og gryn,"kr 54,00 per kg"
Middager og tilbehør,"Köftelik, 1 kg",Bulgur Fin,"kr 31,10",Ris og gryn,"kr 31,10 per kg"
Clas Ohlson-butikken,1 stk,Gryte 3.0l rustfri coline,"kr 299,90",Kjøkken,"kr 299,90 per stk"
Clas Ohlson-butikken,"1.3l, 1 stk",Kasserolle Diamant,"kr 199,90",Kjøkken,"kr 199,90 per stk"
Clas Ohlson-butikken,"2.5l, 1 stk",Kasserolle Diamant,"kr 349,90",Kjøkken,"kr 349,90 per stk"
Clas Ohlson-butikken,1 stk,Stekepanne 24cm Tefal Jamie Oliver,"kr 399,90",Kjøkken,"kr 399,90 per stk"
Clas Ohlson-butikken,"28cm, 1 stk",Stekepanne Diamant,"kr 249,90",Kjøkken,"kr 249,90 per stk"
Clas Ohlson-butikken,1 stk,Isbitform 16 biter,"kr 19,90",Kjøkken,"kr 19,90 per stk"
Clas Ohlson-butikken,1 stk,Kjevle bøk,"kr 99,90",Kjøkken,"kr 99,90 per stk"
Clas Ohlson-butikken,1 stk,Muffinsform 12 Cups Coline,"kr 129,90",Kjøkken,"kr 129,90 per stk"
Clas Ohlson-butikken,"24 cm, 1 stk",Springform Coline,"kr 119,90",Kjøkken,"kr 119,90 per stk"
Middager og tilbehør,320 g,Lasagne Familiepakning,"kr 44,60",Middags-kit og gryteretter,"kr 139,38 per kg"
Middager og tilbehør,"Familiepakning, 325 g",Glutenfri Lasagne,"kr 58,40",Middags-kit og gryteretter,"kr 179,69 per kg"
Middager og tilbehør,"Til 4 Porsjoner, 262 g",Lasagne,"kr 34,70",Middags-kit og gryteretter,"kr 132,44 per kg"
Middager og tilbehør,"Tikka Masala, 113 g",Indisk Gryte,"kr 43,10",Middags-kit og gryteretter,"kr 381,42 per kg"
Middager og tilbehør,106 g,Jegergryte,"kr 24,40",Middags-kit og gryteretter,"kr 230,19 per kg"
Middager og tilbehør,187 g,Amerikansk Gryte,"kr 28,60",Middags-kit og gryteretter,"kr 152,94 per kg"
Middager og tilbehør,"Familiepakning, 284 g",Meksikansk Gryte,"kr 44,10",Middags-kit og gryteretter,"kr 155,28 per kg"
Middager og tilbehør,206 g,Raspeballer,"kr 33,90",Middags-kit og gryteretter,"kr 164,56 per kg"
Middager og tilbehør,500 g,Tagliatelle,"kr 44,40",Pasta og nudler,"kr 88,80 per kg"
Middager og tilbehør,"500g, 20 stk",Lasagneplater,"kr 37,80",Pasta og nudler,"kr 1,89 per stk"
Middager og tilbehør,250 g,Lasagne Glutenfri,"kr 41,50",Pasta og nudler,"kr 166,00 per kg"
Middager og tilbehør,"Glutenfri, 400 g",Spaghetti,"kr 34,40",Pasta og nudler,"kr 86,00 per kg"
Middager og tilbehør,500 g,Gigli Toscani Artisan Pasta,"kr 32,70",Pasta og nudler,"kr 65,40 per kg"
Middager og tilbehør,500 g,Økologisk Fullkorn Spaghetti,"kr 18,90",Pasta og nudler,"kr 37,80 per kg"
Middager og tilbehør,500 g,Spaghetti,"kr 13,40",Pasta og nudler,"kr 26,80 per kg"
Middager og tilbehør,"Oregano, timian og rosmarin, 390 g",Tomatsaus,"kr 57,50",Ferdigsauser,"kr 147,44 per kg"
Middager og tilbehør,"Aubergine, paprika og fennikel, 390 g",Tomatsaus,"kr 57,50",Ferdigsauser,"kr 147,44 per kg"
Middager og tilbehør,"Chili, hvitløk og persille, 350 g",Tomatsaus,"kr 55,60",Ferdigsauser,"kr 158,86 per kg"
Middager og tilbehør,230 ml,Aioli Kremet,"kr 34,40",Ferdigsauser,"kr 149,57 per l"
Middager og tilbehør,230 ml,Bearnaise Hot,"kr 35,40",Ferdigsauser,"kr 153,91 per l"
Middager og tilbehør,230 ml,Eriks Bearnaise,"kr 37,40",Ferdigsauser,"kr 162,61 per l"
Middager og tilbehør,230 ml,Eriks Peppersaus,"kr 37,40",Ferdigsauser,"kr 162,61 per l"
Middager og tilbehør,230 ml,Eriks Aioli Med Lime,"kr 37,40",Ferdigsauser,"kr 162,61 per l"
Clas Ohlson-butikken,"Dobbel, 1 stk",Vaffeljern,"kr 499,90",Kjøkkenmaskiner,"kr 499,90 per stk"
Drikkevarer,"0,8 l",Villbringebær,"kr 39,80",Saft,"kr 49,75 per l"
Drikkevarer,"0,8 l",Sitron & Lime,"kr 37,60",Saft,"kr 47,00 per l"
Drikkevarer,"0,8 l",Orange & Golden Berry,"kr 41,40",Saft,"kr 51,75 per l"
Drikkevarer,"0,8 l",Strawberry & Red Orange,"kr 39,80",Saft,"kr 49,75 per l"
Drikkevarer,"0,8 l",Green Apple & Passionfruit,"kr 42,80",Saft,"kr 53,50 per l"
Drikkevarer,"0,8 l",Pineapple,"kr 40,80",Saft,"kr 51,00 per l"
Drikkevarer,"0,8 l",Fruit Fusion,"kr 42,20",Saft,"kr 52,75 per l"
Drikkevarer,"0,8 l",Fun Light Ice Tea Peach,"kr 42,80",Saft,"kr 53,50 per l"
Drikkevarer,"0,8 l",Fun Light Strawberry Passion,"kr 40,60",Saft,"kr 50,75 per l"
Barneprodukter,"Smoothie, 90 g","Min Frukt Eple, Banan&Jordbær","kr 13,00","Smoothie, yoghurt og mellommåltid","kr 144,44 per kg"
Barneprodukter,90 g,Min Frukt Eple&Bringebær Smoothie,"kr 12,60","Smoothie, yoghurt og mellommåltid","kr 140,00 per kg"
Barneprodukter,"Smoothie, 90 g",Min Frukt Eple & Pære,"kr 14,70","Smoothie, yoghurt og mellommåltid","kr 163,33 per kg"
Barneprodukter,"Gresskar & Gulrot, Økologisk, 90 g",Min Grønnsak Smoothie,"kr 14,10","Smoothie, yoghurt og mellommåltid","kr 156,67 per kg"
Barneprodukter,"Økologisk, 90 g",Min Frukt Eple & Bjørnebær Smoothie,"kr 15,10","Smoothie, yoghurt og mellommåltid","kr 167,78 per kg"
Barneprodukter,"Smoothie, 90 g",NaturNes Pære,"kr 15,60","Smoothie, yoghurt og mellommåltid","kr 173,33 per kg"
Barneprodukter,110 g,Junior 4 Frukter Smoothie,"kr 20,10","Smoothie, yoghurt og mellommåltid","kr 182,73 per kg"
Barneprodukter,"Fra 10mnd, 400 g",Jogolino jordbær&banan,"kr 37,60","Smoothie, yoghurt og mellommåltid","kr 94,00 per kg"
Barneprodukter,"Fra 6 mnd, 100 g","Organix Mango, Pære & Granola","kr 20,60","Smoothie, yoghurt og mellommåltid","kr 206,00 per kg"
Middager og tilbehør,43 g,Viltsaus,"kr 16,80",Posesauser,"kr 390,70 per kg"
Middager og tilbehør,37 g,Saus til Stek,"kr 21,80",Posesauser,"kr 589,19 per kg"
Middager og tilbehør,42 g,Lammesaus Med Urter & Rødvin,"kr 20,40",Posesauser,"kr 485,71 per kg"
Middager og tilbehør,"Økonomipakke, 4 poser, 216 g",Spaghettisaus,"kr 36,60",Posesauser,"kr 169,44 per kg"
Middager og tilbehør,29 g,Bearnaise Ekstra Krydret,"kr 22,80",Posesauser,"kr 786,21 per kg"
Middager og tilbehør,26 g,Hollandaisesaus,"kr 17,40",Posesauser,"kr 669,23 per kg"
Is og desserter,"0,5 l",Piano Karamellpudding,"kr 25,80",Dessert,"kr 51,60 per l"
Is og desserter,"0,5 l",Sjokoladepudding Piano,"kr 18,60",Dessert,"kr 37,20 per l"
Is og desserter,1 l,Piano Sjokoladepudding,"kr 32,90",Dessert,"kr 32,90 per l"
Is og desserter,1 l,Piano Bringebærgelé,"kr 32,80",Dessert,"kr 32,80 per l"
Is og desserter,1 l,Piano Jordbærgelé,"kr 33,90",Dessert,"kr 33,90 per l"
Is og desserter,"0,5 l",Piano Jordbærsmakgelé,"kr 34,90",Dessert,"kr 69,80 per l"
Is og desserter,1 l,Piano Vaniljesaus,"kr 26,60",Dessert,"kr 26,60 per l"
Is og desserter,"Uten Tilsatt Sukker, 0,5 l",Piano Vaniljesaus Zero,"kr 29,40",Dessert,"kr 58,80 per l"
Is og desserter,"0,5 l",Piano Vaniljekrem,"kr 31,10",Dessert,"kr 62,20 per l"
Middager og tilbehør,350 g,Kjøttsuppe,"kr 42,40",Supper,"kr 121,14 per kg"
Middager og tilbehør,530 g,"Suppe med Tomat, Squash & Basilikum","kr 57,80",Supper,"kr 109,06 per kg"
Middager og tilbehør,530 g,"Suppe med Gulrøtter, Chili & Ingefær","kr 59,80",Supper,"kr 112,83 per kg"
Middager og tilbehør,500 g,"Suppe med Linser, Søtpotet, Gresskar og Spinat","kr 55,00",Supper,"kr 110,00 per kg"
Middager og tilbehør,500 g,Fiskesuppe,"kr 72,70",Supper,"kr 145,40 per kg"
Middager og tilbehør,500 g,"Suppe med Kylling, Curry & Grønnsaker","kr 69,80",Supper,"kr 139,60 per kg"
Middager og tilbehør,"Base, 1 kg",Havna Fiskesuppe,"kr 90,00",Supper,"kr 90,00 per kg"
Middager og tilbehør,52 g,Blomkål- og Brokkolisuppe,"kr 23,80",Supper,"kr 457,69 per kg"
Middager og tilbehør,570 ml,Tomatsuppe økologisk,"kr 59,90",Supper,"kr 105,09 per l"
Drikkevarer,"0,33 l",Miami Strawberry,"kr 32,50",Energidrikk,"kr 98,48 per l"
Drikkevarer,"0,33 l",Nocco Limón Del Sol,"kr 31,50",Energidrikk,"kr 95,45 per l"
Drikkevarer,"0,33 l",Nocco Focus Cola,"kr 30,80",Energidrikk,"kr 93,33 per l"
Drikkevarer,"0,5 l",Gatorade Cool Blue,"kr 36,10",Energidrikk,"kr 72,20 per l"
Drikkevarer,"4x0,25ltr, 1 l",Red Bull,"kr 74,20",Energidrikk,"kr 74,20 per l"
Drikkevarer,473 ml,Red Bull Regular,"kr 36,40",Energidrikk,"kr 76,96 per l"
Drikkevarer,"Sukkerfri, 473 ml",Red Bull,"kr 35,80",Energidrikk,"kr 75,69 per l"
Drikkevarer,"Tropical, 0,25 l",Red Bull Yellow Edition,"kr 22,80",Energidrikk,"kr 91,20 per l"
Drikkevarer,"0,5 l",Monster Ultra White,"kr 25,40",Energidrikk,"kr 50,80 per l"
Kjøtt og kylling,1300 g,Hel Kylling Rå,"kr 88,70","Kylling, kalkun og and","kr 68,23 per kg"
Kjøtt og kylling,"Vår laveste pris, 400 g",Kjøttdeig Av Kylling,"kr 27,80","Kylling, kalkun og and","kr 69,50 per kg"
Clas Ohlson-butikken,"26mm hvit, 8 stk",Filtknott  med spikerfeste,"kr 35,90",Hus & Hjem,"kr 4,49 per stk"
Clas Ohlson-butikken,"25cm, 1 stk",Dusjnal,"kr 39,90",Hus & Hjem,"kr 39,90 per stk"
Clas Ohlson-butikken,"antiskli, 1 stk",Skuffeinnlegg,"kr 69,90",Hus & Hjem,"kr 69,90 per stk"
Clas Ohlson-butikken,"43 cm Tre, 1 stk",Skohorn,"kr 59,90",Hus & Hjem,"kr 59,90 per stk"
Clas Ohlson-butikken,1 stk,Reiseadapter Europa til USA,"kr 99,90",Hus & Hjem,"kr 99,90 per stk"
Clas Ohlson-butikken,1 stk,Lykt i metall sort 30 cm,"kr 69,90",Hus & Hjem,"kr 69,90 per stk"
Clas Ohlson-butikken,3 stk,Flaskebørste,"kr 49,90",Hus & Hjem,"kr 16,63 per stk"
Clas Ohlson-butikken,2 stk,Vakumpose roll up,"kr 69,90",Hus & Hjem,"kr 34,95 per stk"
Kjøtt og kylling,"Grov Pølse, 3 stk",Grov Østfolding,"kr 49,90",Pølser,"kr 142,57 per kg"
Kjøtt og kylling,"Grov Pølse, 3 stk",Sterk Østfolding,"kr 49,90",Pølser,"kr 142,57 per kg"
Kjøtt og kylling,"Vår Laveste Pris, 16 stk",Grillpølser,"kr 21,40",Pølser,"kr 23,78 per kg"
Kjøtt og kylling,180 g,Sensational Chorizo,"kr 44,90",Pølser,"kr 249,44 per kg"
Kjøtt og kylling,400 g,Go'vegan Grillpølser,"kr 49,90",Pølser,"kr 124,75 per kg"
Middager og tilbehør,500 g,Couscous,"kr 26,30",Ris og gryn,"kr 52,60 per kg"
Middager og tilbehør,400 g,Hurtigris Løsvekt,"kr 24,60",Ris og gryn,"kr 61,50 per kg"
Middager og tilbehør,4 kg,Jasminris,"kr 49,90",Ris og gryn,"kr 12,48 per kg"
Middager og tilbehør,"8x125g, Boil-in-bag, 1 kg",Jasminris,"kr 34,60",Ris og gryn,"kr 34,60 per kg"
Middager og tilbehør,"8 poser, 960 g",Jasminris Boil in Bag,"kr 35,90",Ris og gryn,"kr 37,40 per kg"
Middager og tilbehør,900 g,Linser Røde,"kr 33,20",Ris og gryn,"kr 36,89 per kg"
Clas Ohlson-butikken,1 stk,Ovnsform Med Lokk,"kr 169,90",Kjøkken,"kr 169,90 per stk"
Clas Ohlson-butikken,1 stk,Langform Coline,"kr 99,90",Kjøkken,"kr 99,90 per stk"
Clas Ohlson-butikken,1 stk,Ostehøvel Coline,"kr 39,90",Kjøkken,"kr 39,90 per stk"
Clas Ohlson-butikken,1 stk,"Potetskreller ""Jonas""","kr 39,90",Kjøkken,"kr 39,90 per stk"
Clas Ohlson-butikken,"19 cm, 1 stk",Rustfri sil,"kr 99,90",Kjøkken,"kr 99,90 per stk"
Clas Ohlson-butikken,1 stk,Steketermometer Coline,"kr 199,90",Kjøkken,"kr 199,90 per stk"
Clas Ohlson-butikken,1 stk,Bokseåpner,"kr 69,90",Kjøkken,"kr 69,90 per stk"
Clas Ohlson-butikken,"32cl (klart glass), 6 stk",Drikkeglass,"kr 99,90",Kjøkken,"kr 16,65 per stk"
Middager og tilbehør,167 g,Ertestuing Original,"kr 28,40",Middags-kit og gryteretter,"kr 170,06 per kg"
Middager og tilbehør,164 g,Ertestuing Snarkokt,"kr 23,60",Middags-kit og gryteretter,"kr 143,90 per kg"
Middager og tilbehør,"Familiepakning, 800 g",Grøtris,"kr 37,50",Middags-kit og gryteretter,"kr 46,88 per kg"
Middager og tilbehør,294 g,Pasta Di Parma Familie,"kr 46,80",Middags-kit og gryteretter,"kr 159,18 per kg"
Middager og tilbehør,"Glutenfri, 183 g",Toro Meksikansk Gryte,"kr 36,90",Middags-kit og gryteretter,"kr 201,64 per kg"
Middager og tilbehør,"Glutenfri, 187 g",Toro Pannekaker,"kr 31,80",Middags-kit og gryteretter,"kr 170,05 per kg"
Middager og tilbehør,"Glutenfri, 70 g",Fri Bali Gryte,"kr 35,60",Middags-kit og gryteretter,"kr 508,57 per kg"
Middager og tilbehør,"Glutenfri, 90 g",Toro Jegergryte,"kr 35,90",Middags-kit og gryteretter,"kr 398,89 per kg"
Middager og tilbehør,500 g,Fullkorn Spaghetti,"kr 16,90",Pasta og nudler,"kr 33,80 per kg"
Middager og tilbehør,1 kg,Spaghetti,"kr 18,60",Pasta og nudler,"kr 18,60 per kg"
Middager og tilbehør,"Økologisk, 500 g",Fettuccine Økologisk,"kr 24,60",Pasta og nudler,"kr 49,20 per kg"
Middager og tilbehør,"Økologisk, 400 g",Goodly Spaghetti Glutenfri,"kr 29,90",Pasta og nudler,"kr 74,75 per kg"
Middager og tilbehør,450 g,Spaghetti Rik På Fiber,"kr 22,80",Pasta og nudler,"kr 50,67 per kg"
Middager og tilbehør,450 g,Spaghettini,"kr 18,40",Pasta og nudler,"kr 40,89 per kg"
Middager og tilbehør,500 g,Spaghetti,"kr 14,60",Pasta og nudler,"kr 29,20 per kg"
Middager og tilbehør,400 g,Arrabbiata Pastasaus,"kr 29,60",Ferdigsauser,"kr 74,00 per kg"
Middager og tilbehør,400 g,Hvitløk Tomatsaus,"kr 29,60",Ferdigsauser,"kr 74,00 per kg"
Middager og tilbehør,400 g,Pastasaus Bolognese,"kr 40,60",Ferdigsauser,"kr 101,50 per kg"
Middager og tilbehør,300 g,Ketsjup,"kr 49,70",Ferdigsauser,"kr 165,67 per kg"
Middager og tilbehør,"Økologisk, 380 g",Pastasaus Mild,"kr 34,50",Ferdigsauser,"kr 90,79 per kg"
Middager og tilbehør,"Økologisk, 350 g",Pastasaus Bolognese,"kr 40,50",Ferdigsauser,"kr 115,71 per kg"
Middager og tilbehør,"Intens Hvitløk, 500 g",Dolmio Pastasaus,"kr 24,80",Ferdigsauser,"kr 49,60 per kg"
Middager og tilbehør,500 g,Classico Pastasaus,"kr 27,90",Ferdigsauser,"kr 55,80 per kg"
Clas Ohlson-butikken,1 stk,Kaffetrakter Coline Svart,"kr 799,00",Kjøkkenmaskiner,"kr 799,00 per stk"
Clas Ohlson-butikken,"3 kopper, 1 stk",Presskanne Bistro Nouveau,"kr 249,90",Kjøkkenmaskiner,"kr 249,90 per stk"
Clas Ohlson-butikken,"1.0L, Rustfri, 1 stk",Vannkoker,"kr 299,90",Kjøkkenmaskiner,"kr 299,90 per stk"
Clas Ohlson-butikken,"1.7l, Svart, 1 stk",Vannkoker,"kr 129,90",Kjøkkenmaskiner,"kr 129,90 per stk"
Clas Ohlson-butikken,1 stk,"Stavmikser, Svart","kr 199,90",Kjøkkenmaskiner,"kr 199,90 per stk"
Clas Ohlson-butikken,1 stk,Blender Electrolux Esb2300,"kr 499,90",Kjøkkenmaskiner,"kr 499,90 per stk"
Drikkevarer,"0,8 l",Ginger Apple,"kr 42,80",Saft,"kr 53,50 per l"
Drikkevarer,"0,8 l",Fun Light Appelsin,"kr 39,40",Saft,"kr 49,25 per l"
Drikkevarer,"Uten Tilsatt Sukker, 0,9 l",Appelsinsaft,"kr 48,00",Saft,"kr 53,33 per l"
Drikkevarer,"1,35 l",Lerum Appelsinsaft,"kr 56,60",Saft,"kr 41,93 per l"
Drikkevarer,"Uten tilsatt sukker, 0,9 l",Husholdningssaft,"kr 42,70",Saft,"kr 47,44 per l"
Drikkevarer,"1,35 l",Husholdningssaft,"kr 58,00",Saft,"kr 42,96 per l"
Drikkevarer,"Uten tilsatt sukker, 1,35 l",Husholdningssaft,"kr 60,10",Saft,"kr 44,52 per l"
Barneprodukter,100 g,"Organix Eple, Jordbær & Quinoa","kr 20,00","Smoothie, yoghurt og mellommåltid","kr 200,00 per kg"
Barneprodukter,"6 Mnd, 100 g",Organix Yoghurt Apple & Strawberry,"kr 18,40","Smoothie, yoghurt og mellommåltid","kr 184,00 per kg"
Barneprodukter,"6 mnd, 100 g",Organix Just Apple Strawberry & Blueberry,"kr 18,80","Smoothie, yoghurt og mellommåltid","kr 188,00 per kg"
Barneprodukter,"fra 1 år, 150 ml",Dryckis Mild Jordbærdrikk,"kr 13,90","Smoothie, yoghurt og mellommåltid","kr 92,67 per l"
Barneprodukter,"fra 1 år, 150 ml",Dryckis Mild Epledrikk,"kr 13,90","Smoothie, yoghurt og mellommåltid","kr 92,67 per l"
Barneprodukter,"Blåbær, 90 g",Junior Yoghurt,"kr 12,60","Smoothie, yoghurt og mellommåltid","kr 140,00 per kg"
Barneprodukter,"Jordbær, 90 g",Junior Yoghurt,"kr 12,60","Smoothie, yoghurt og mellommåltid","kr 140,00 per kg"
Barneprodukter,"Fruktmiks 8 x 125g, 1000 g",Junior Yoghurt,"kr 43,70","Smoothie, yoghurt og mellommåltid","kr 43,70 per kg"
Barneprodukter,"Pose, 90 g",Skyr Mini Banan,"kr 13,60","Smoothie, yoghurt og mellommåltid","kr 151,11 per kg"
Middager og tilbehør,29 g,Sandefjordsmør Original,"kr 21,60",Posesauser,"kr 744,83 per kg"
Middager og tilbehør,40 g,Lofoten fiskesaus,"kr 19,80",Posesauser,"kr 495,00 per kg"
Middager og tilbehør,38 g,Hvit saus,"kr 11,60",Posesauser,"kr 305,26 per kg"
Middager og tilbehør,29 g,Carbonara Pastasaus,"kr 24,20",Posesauser,"kr 834,48 per kg"
Middager og tilbehør,45 g,Kjøttdeigsaus,"kr 18,80",Posesauser,"kr 417,78 per kg"
Middager og tilbehør,"52,5 g",Spaghettisaus Original,"kr 14,10",Posesauser,"kr 268,57 per kg"
Middager og tilbehør,"Glutenfri, 32 g",Brun Saus,"kr 19,80",Posesauser,"kr 618,75 per kg"
Is og desserter,"2x133g, 266 g",Kos Crème Brûlée,"kr 32,80",Dessert,"kr 123,31 per kg"
Is og desserter,310 g,Kos Karamellpudding med Saus,"kr 20,80",Dessert,"kr 67,10 per kg"
Is og desserter,"2 stk, 310 g",Kos Sjokoladepudding med Saus,"kr 21,80",Dessert,"kr 70,32 per kg"
Is og desserter,675 g,KOS Riskrem,"kr 51,60",Dessert,"kr 76,44 per kg"
Is og desserter,75 g,Karamellpudding,"kr 14,80",Dessert,"kr 197,33 per kg"
Is og desserter,360 g,Karamelltopping,"kr 29,80",Dessert,"kr 82,78 per kg"
Is og desserter,360 g,Salt Lakristopping,"kr 51,40",Dessert,"kr 142,78 per kg"
Is og desserter,280 g,Daim Hard Topping,"kr 61,80",Dessert,"kr 220,71 per kg"
Middager og tilbehør,570 ml,Minestronesuppe,"kr 49,80",Supper,"kr 87,37 per l"
Middager og tilbehør,570 ml,Indian Currysuppe,"kr 56,40",Supper,"kr 98,95 per l"
Middager og tilbehør,"Rett i Koppen, 20 g",Klar Grønnsaksuppe,"kr 14,10",Supper,"kr 705,00 per kg"
Middager og tilbehør,"Cup a Soup, 3 stk",Tomatsuppe,"kr 21,40",Supper,"kr 7,13 per stk"
Middager og tilbehør,"Cup a Soup, 3 stk",Blomkål & Brokkolisuppe,"kr 30,70",Supper,"kr 10,23 per stk"
Middager og tilbehør,"Cup a Soup, 3 stk",Minestronesuppe,"kr 21,40",Supper,"kr 7,13 per stk"
Middager og tilbehør,"Rett i Koppen, 26 g",Tomatsuppe med Mozzarella,"kr 17,50",Supper,"kr 673,08 per kg"
Middager og tilbehør,"Rett i Koppen, 22 g",Kyllingsuppe Kremet,"kr 14,40",Supper,"kr 654,55 per kg"
Drikkevarer,"0,5 l",Monster Energy,"kr 24,40",Energidrikk,"kr 48,80 per l"
Drikkevarer,"0,5 l",Monster Mango Loco,"kr 25,70",Energidrikk,"kr 51,40 per l"
Drikkevarer,"0,5 l",Monster Rossi,"kr 27,40",Energidrikk,"kr 54,80 per l"
Drikkevarer,250 ml,Day & Nite,"kr 17,40",Energidrikk,"kr 69,60 per l"
Drikkevarer,"0,5 l",Powerade Mountain Blast,"kr 26,70",Energidrikk,"kr 53,40 per l"
Drikkevarer,"0,33 l",Propud Milkshake Chocolate,"kr 29,80",Energidrikk,"kr 90,30 per l"
Drikkevarer,330 ml,Yt Restitusjonsdrikk Kakao,"kr 24,80",Energidrikk,"kr 75,15 per l"
Clas Ohlson-butikken,1 stk,Baderomskrakk,"kr 99,90",Hus & Hjem,"kr 99,90 per stk"
Clas Ohlson-butikken,1 stk,Smart bildeoppheng,"kr 79,90",Hus & Hjem,"kr 79,90 per stk"
Clas Ohlson-butikken,"sølv, 1 stk",Kodelås,"kr 69,90",Hus & Hjem,"kr 69,90 per stk"
Clas Ohlson-butikken,1 stk,Sko-oppbevaring 2 i 1,"kr 29,90",Hus & Hjem,"kr 29,90 per stk"
Clas Ohlson-butikken,1 stk,Reiseadapter Europa-UK,"kr 99,90",Hus & Hjem,"kr 99,90 per stk"
Clas Ohlson-butikken,1 stk,Speil med forstørrelse og lys,"kr 179,90",Hus & Hjem,"kr 179,90 per stk"
Clas Ohlson-butikken,1 stk,Snøkost med isskrape,"kr 49,90",Hus & Hjem,"kr 49,90 per stk"
Clas Ohlson-butikken,1 stk,Dusjkurv med krok krom,"kr 139,90",Hus & Hjem,"kr 139,90 per stk"
Clas Ohlson-butikken,12 stk,Filtknotter 28mm hvit selvklebende,"kr 29,90",Hus & Hjem,"kr 2,49 per stk"
Clas Ohlson-butikken,1 stk,Skjøteledning utendørs 10 meter,"kr 209,90",Hus & Hjem,"kr 209,90 per stk"
Middager og tilbehør,"Boil In Bag 8x125g, 1 kg",Middagsris,"kr 37,00",Ris og gryn,"kr 37,00 per kg"
Middager og tilbehør,500 g,Nirus Basmati Ris,"kr 39,80",Ris og gryn,"kr 79,60 per kg"
Middager og tilbehør,550 g,Økologisk Brun Basmatiris,"kr 47,50",Ris og gryn,"kr 86,36 per kg"
Middager og tilbehør,550 g,Økologisk Jasminris,"kr 23,80",Ris og gryn,"kr 43,27 per kg"
Middager og tilbehør,500 g,Økologisk Perlebygg,"kr 42,90",Ris og gryn,"kr 85,80 per kg"
Middager og tilbehør,500 g,Økologisk Perlespelt,"kr 37,90",Ris og gryn,"kr 75,80 per kg"
Middager og tilbehør,500 g,Perlecouscous,"kr 29,00",Ris og gryn,"kr 58,00 per kg"
Middager og tilbehør,400 g,Ris Snarkokt,"kr 32,80",Ris og gryn,"kr 82,00 per kg"
Clas Ohlson-butikken,1 stk,Ekstra blad komfyr og glass-skrape,"kr 49,90",Kjøkken,"kr 49,90 per stk"
Clas Ohlson-butikken,1 stk,Epleskreller,"kr 269,90",Kjøkken,"kr 269,90 per stk"
Clas Ohlson-butikken,1 stk,"Glasskrukke med lokk 1,0l","kr 49,90",Kjøkken,"kr 49,90 per stk"
Clas Ohlson-butikken,4 stk,Glasskrukker,"kr 79,90",Kjøkken,"kr 19,98 per stk"
Clas Ohlson-butikken,"35 x 24 x 7 cm, 1 stk",Ildfastform oval,"kr 99,90",Kjøkken,"kr 99,90 per stk"
Clas Ohlson-butikken,4 stk,Kjøkkenhåndkle Grå/hvit,"kr 59,90",Kjøkken,"kr 14,98 per stk"
Middager og tilbehør,"Økologisk, 500 g",Speltspagetti,"kr 52,10",Pasta og nudler,"kr 104,20 per kg"
Middager og tilbehør,"Økologisk, 500 g",Speltspagetti Fullkorn,"kr 51,70",Pasta og nudler,"kr 103,40 per kg"
Middager og tilbehør,500 g,Penne Rigate Glutenfri,"kr 43,00",Pasta og nudler,"kr 86,00 per kg"
Middager og tilbehør,"Glutenfri, 250 g",Fusilli Røde Linser,"kr 42,20",Pasta og nudler,"kr 168,80 per kg"
Middager og tilbehør,250 g,Casarecce Kikerter,"kr 42,20",Pasta og nudler,"kr 168,80 per kg"
Middager og tilbehør,"Rigate Intergrale, 500 g",Penne Fullkorn,"kr 20,70",Pasta og nudler,"kr 41,40 per kg"
Middager og tilbehør,500 g,Penne Rigate,"kr 20,70",Pasta og nudler,"kr 41,40 per kg"
Middager og tilbehør,500 g,Pastasaus Al Forne,"kr 34,80",Ferdigsauser,"kr 69,60 per kg"
Middager og tilbehør,300 g,Bearnaise Kjølt,"kr 31,30",Ferdigsauser,"kr 104,33 per kg"
Middager og tilbehør,300 g,Peppersaus Kjølt,"kr 31,40",Ferdigsauser,"kr 104,67 per kg"
Middager og tilbehør,250 ml,Peppersaus,"kr 29,00",Ferdigsauser,"kr 116,00 per l"
Middager og tilbehør,250 ml,Kyllingkraft,"kr 32,60",Ferdigsauser,"kr 130,40 per l"
Middager og tilbehør,130 g,Grønn Pesto,"kr 40,80",Ferdigsauser,"kr 313,85 per kg"
Middager og tilbehør,190 g,Grønn Pesto,"kr 19,30",Ferdigsauser,"kr 101,58 per kg"
Middager og tilbehør,130 g,Gul Pesto,"kr 38,30",Ferdigsauser,"kr 294,62 per kg"
Middager og tilbehør,190 g,Rød Pesto,"kr 18,50",Ferdigsauser,"kr 97,37 per kg"
Clas Ohlson-butikken,1 stk,Smørbrødgrill Krups,"kr 499,90",Kjøkkenmaskiner,"kr 499,90 per stk"
Clas Ohlson-butikken,"Svart, 1 stk",Brødrister 2 skiver,"kr 169,90",Kjøkkenmaskiner,"kr 169,90 per stk"
Clas Ohlson-butikken,1 stk,Håndmikser Bosch,"kr 499,90",Kjøkkenmaskiner,"kr 499,90 per stk"
Clas Ohlson-butikken,1 stk,Håndmikser Hvit,"kr 199,90",Kjøkkenmaskiner,"kr 199,90 per stk"
Clas Ohlson-butikken,"Molino, 1 stk",Kaffekvern,"kr 599,00",Kjøkkenmaskiner,"kr 599,00 per stk"
Clas Ohlson-butikken,1 stk,Luftfrityrkoker,"kr 799,00",Kjøkkenmaskiner,"kr 799,00 per stk"
Clas Ohlson-butikken,1 stk,Blender Bosch silentmix pro,"kr 1390,00",Kjøkkenmaskiner,"kr 1390,00 per stk"
Drikkevarer,"0,75 l",Bringebærsirup,"kr 54,40",Saft,"kr 72,53 per l"
Drikkevarer,"0,7 l",Rips & Bringebærsaft,"kr 46,80",Saft,"kr 66,86 per l"
Drikkevarer,"0,7 l",Blåbærsaft,"kr 65,80",Saft,"kr 94,00 per l"
Drikkevarer,"0,75 l",Solbærsirup,"kr 30,70",Saft,"kr 40,93 per l"
Drikkevarer,"1,5 l",Lerum Solbærsirup,"kr 51,00",Saft,"kr 34,00 per l"
Drikkevarer,"Uten Tilsatt Sukker, 0,9 l",Skogsbærsaft,"kr 62,40",Saft,"kr 69,33 per l"
Drikkevarer,"Uten Tilsatt Sukker, 0,9 l",Eple & Pæresaft,"kr 57,00",Saft,"kr 63,33 per l"
Barneprodukter,"Pose, 90 g",Skyr Mini Jordbær,"kr 13,80","Smoothie, yoghurt og mellommåltid","kr 153,33 per kg"
Barneprodukter,90 g,Skyr Mini Bringebær,"kr 13,80","Smoothie, yoghurt og mellommåltid","kr 153,33 per kg"
Barneprodukter,125 g,Skyr Mango og Pasjonsfrukt,"kr 18,80","Smoothie, yoghurt og mellommåltid","kr 150,40 per kg"
Barneprodukter,125 g,Q Frokostyoghurt Melon & Pasjonsfrukt,"kr 14,80","Smoothie, yoghurt og mellommåltid","kr 118,40 per kg"
Barneprodukter,125 g,Q Frokostyoghurt Blåbær,"kr 13,80","Smoothie, yoghurt og mellommåltid","kr 110,40 per kg"
Barneprodukter,135 g,Q Barneyoghurt Bringebær,"kr 14,80","Smoothie, yoghurt og mellommåltid","kr 109,63 per kg"
Barneprodukter,135 g,Q Barneyoghurt Banan,"kr 14,80","Smoothie, yoghurt og mellommåltid","kr 109,63 per kg"
Barneprodukter,135 g,Q Vanilje Barneyoghurt,"kr 15,90","Smoothie, yoghurt og mellommåltid","kr 117,78 per kg"
Barneprodukter,"Jordbær 4x100g, 400 g",Danonino Drikkeyoghurt,"kr 28,80","Smoothie, yoghurt og mellommåltid","kr 72,00 per kg"
Middager og tilbehør,19 g,Glutenfri Hvit Saus,"kr 17,40",Posesauser,"kr 915,79 per kg"
Middager og tilbehør,3 stk,Pastasaus Carbonara 27 gr,"kr 29,90",Posesauser,"kr 9,97 per stk"
Middager og tilbehør,3 stk,Peppersaus 28 gram,"kr 18,90",Posesauser,"kr 6,30 per stk"
Middager og tilbehør,35 g,Urtesaus,"kr 18,60",Posesauser,"kr 531,43 per kg"
Middager og tilbehør,27 g,Hollandaisesaus,"kr 19,40",Posesauser,"kr 718,52 per kg"
Middager og tilbehør,4 stk,Bearnaisesaus,"kr 12,80",Posesauser,"kr 3,20 per stk"
Is og desserter,315 g,Melkesjokolade Topping,"kr 45,40",Dessert,"kr 144,13 per kg"
Is og desserter,360 g,Sjokoladetopping,"kr 32,80",Dessert,"kr 91,11 per kg"
Is og desserter,335 g,Jordbærtopping,"kr 46,40",Dessert,"kr 138,51 per kg"
Is og desserter,"8 stk, 180 g",Gammeldagse Kokosboller,"kr 52,30",Dessert,"kr 290,56 per kg"
Is og desserter,"Ferdig stekt, 12 stk",Hjertevafler,"kr 99,00",Dessert,"kr 8,25 per stk"
Is og desserter,681 g,Ananas i Biter,"kr 23,90",Dessert,"kr 35,10 per kg"
Is og desserter,681 g,Ananas i Skiver 3-pk,"kr 26,80",Dessert,"kr 39,35 per kg"
Is og desserter,565 g,Ananas i Biter,"kr 17,10",Dessert,"kr 30,27 per kg"
Is og desserter,820 g,Fruktcocktail,"kr 20,80",Dessert,"kr 25,37 per kg"
Middager og tilbehør,"Rett i Koppen, 20 g",Blomkål- & Brokkolisuppe,"kr 12,80",Supper,"kr 640,00 per kg"
Middager og tilbehør,"Rett i Koppen, 50 g",Potet Med Kjøtt,"kr 27,40",Supper,"kr 548,00 per kg"
Middager og tilbehør,840 g,Sodd,"kr 38,60",Supper,"kr 45,95 per kg"
Middager og tilbehør,280 g,Thai Curry Soup,"kr 36,80",Supper,"kr 131,43 per kg"
Middager og tilbehør,270 g,Yellow Curry,"kr 37,80",Supper,"kr 140,00 per kg"
Middager og tilbehør,"2pk, 246 g",Tomatsuppe Med Makaroni,"kr 20,80",Supper,"kr 84,55 per kg"
Middager og tilbehør,1 l,Spicy Søtpotetsuppe,"kr 51,00",Supper,"kr 51,00 per l"
Middager og tilbehør,1 l,Grønnsaksuppe,"kr 39,00",Supper,"kr 39,00 per l"
Middager og tilbehør,1 kg,Thaisuppe,"kr 49,90",Supper,"kr 49,90 per kg"
Drikkevarer,"Appelsin, 0,5 l",YT Sportsdrikk,"kr 27,00",Energidrikk,"kr 54,00 per l"
Drikkevarer,"Sportsdrikk, 200 ml",Smartfish High Protein,"kr 31,60",Energidrikk,"kr 158,00 per l"
Clas Ohlson-butikken,1 stk,Spade med teleskop,"kr 199,90",Hus & Hjem,"kr 199,90 per stk"
Clas Ohlson-butikken,"30cm lende, 3 stk",Kjøkkenredskaper bøk,"kr 69,90",Kjøkken,"kr 23,30 per stk"
Clas Ohlson-butikken,"Sort tre, 1 stk",Knivblokk med 5 Kniver,"kr 1198,00",Kjøkken,"kr 1198,00 per stk"
Clas Ohlson-butikken,1 stk,Knivsliper,"kr 129,90",Kjøkken,"kr 129,90 per stk"
Clas Ohlson-butikken,1 stk,Korketrekker,"kr 79,90",Kjøkken,"kr 79,90 per stk"
Clas Ohlson-butikken,2 stk,Korkunderlag,"kr 49,90",Kjøkken,"kr 24,95 per stk"
Clas Ohlson-butikken,1 stk,Litermål,"kr 59,90",Kjøkken,"kr 59,90 per stk"
Clas Ohlson-butikken,"Milliliter, 4 stk",Målesett,"kr 99,90",Kjøkken,"kr 24,98 per stk"
Clas Ohlson-butikken,5 stk,Pepperkakeformer,"kr 39,90",Kjøkken,"kr 7,98 per stk"
Middager og tilbehør,500 g,Fusilli,"kr 12,40",Pasta og nudler,"kr 24,80 per kg"
Middager og tilbehør,500 g,Fusilli,"kr 15,60",Pasta og nudler,"kr 31,20 per kg"
Middager og tilbehør,500 g,Penne,"kr 18,20",Pasta og nudler,"kr 36,40 per kg"
Middager og tilbehør,500 g,Pastaskruer Fullkorn,"kr 18,90",Pasta og nudler,"kr 37,80 per kg"
Middager og tilbehør,500 g,Fullkorn Fusilli,"kr 18,20",Pasta og nudler,"kr 36,40 per kg"
Middager og tilbehør,500 g,Penne Fullkorn,"kr 18,90",Pasta og nudler,"kr 37,80 per kg"
Middager og tilbehør,130 g,Pesto Rød Piccante,"kr 38,10",Ferdigsauser,"kr 293,08 per kg"
Middager og tilbehør,190 g,Pesto Rosso,"kr 36,80",Ferdigsauser,"kr 193,68 per kg"
Middager og tilbehør,100 g,Kalamataoliven Tapenade,"kr 31,10",Ferdigsauser,"kr 311,00 per kg"
Middager og tilbehør,100 g,Soltørret Tomat Bruschetta,"kr 31,10",Ferdigsauser,"kr 311,00 per kg"
Middager og tilbehør,200 g,Nirus Tandoori Paste,"kr 39,50",Ferdigsauser,"kr 197,50 per kg"
Middager og tilbehør,250 g,Aioli,"kr 15,00",Ferdigsauser,"kr 60,00 per kg"
Middager og tilbehør,250 g,Chili Aioli,"kr 15,00",Ferdigsauser,"kr 60,00 per kg"
Middager og tilbehør,180 g,Bearnaise,"kr 21,60",Ferdigsauser,"kr 120,00 per kg"
Clas Ohlson-butikken,"Konsentrat, 440 ml",Sodastream 7Up Free Sitron,"kr 99,90",Kjøkkenmaskiner,"kr 227,05 per l"
Clas Ohlson-butikken,"Konsentrat, 440 ml",Sodastream 7Up Sitron,"kr 99,90",Kjøkkenmaskiner,"kr 227,05 per l"
Clas Ohlson-butikken,"Konsentrat, 440 ml",Sodastream Mirinda Appelsin,"kr 99,90",Kjøkkenmaskiner,"kr 227,05 per l"
Clas Ohlson-butikken,"Konsentrat, 440 ml",Sodastream Pepsi Cola,"kr 99,90",Kjøkkenmaskiner,"kr 227,05 per l"
Clas Ohlson-butikken,"Konsentrat, 440 ml",Sodastream Pepsi Max,"kr 99,90",Kjøkkenmaskiner,"kr 227,05 per l"
Clas Ohlson-butikken,1 stk,Vannkoker Coline Sort,"kr 399,90",Kjøkkenmaskiner,"kr 399,90 per stk"
Drikkevarer,"0,7 l",Sitron & Limesaft,"kr 46,40",Saft,"kr 66,29 per l"
Drikkevarer,"1,75 l",Husholdningssaft Med Solbær,"kr 65,70",Saft,"kr 37,54 per l"
Drikkevarer,"1,5 l",Appelsinsaft,"kr 48,80",Saft,"kr 32,53 per l"
Drikkevarer,"1,5 l",Husholdningssaft,"kr 25,80",Saft,"kr 17,20 per l"
Drikkevarer,1 l,Tomtegløgg,"kr 69,90",Saft,"kr 69,90 per l"
Drikkevarer,"3 stk, 0,75 l",Appelsin,"kr 27,20",Saft,"kr 36,27 per l"
Drikkevarer,"3 stk, 0,75 l",Appelsin & Jordbær,"kr 27,20",Saft,"kr 36,27 per l"
Barneprodukter,"Bringebær 4x100g, 400 g",Drikkeyoghurt,"kr 33,90","Smoothie, yoghurt og mellommåltid","kr 84,75 per kg"
Barneprodukter,"6x50g, 300 g",Yoghurt Mix No1,"kr 19,70","Smoothie, yoghurt og mellommåltid","kr 65,67 per kg"
Barneprodukter,"Fra 12 mnd, 25 g",Junior Fruktstang,"kr 9,70","Smoothie, yoghurt og mellommåltid","kr 388,00 per kg"
Barneprodukter,"Fra 12 mnd, 25 g",Jr Fruktstang Havresolbærblåbær,"kr 10,80","Smoothie, yoghurt og mellommåltid","kr 432,00 per kg"
Barneprodukter,"Fra 12 mnd, 20 g",Havrebar Jordbær + Eple,"kr 12,90","Smoothie, yoghurt og mellommåltid","kr 645,00 per kg"
Barneprodukter,40 g,Skumpinne Mais & Hirse,"kr 26,90","Smoothie, yoghurt og mellommåltid","kr 672,50 per kg"
Barneprodukter,40 g,Skumpinner Plomme og Eple,"kr 23,20","Smoothie, yoghurt og mellommåltid","kr 580,00 per kg"
Barneprodukter,"Tomat, 35 g",Naturnes Nutripuffs,"kr 26,60","Smoothie, yoghurt og mellommåltid","kr 760,00 per kg"
Middager og tilbehør,"4pk, 4 stk",Kjøttkakesaus,"kr 14,80",Posesauser,"kr 3,70 per stk"
Is og desserter,"Hermetisk, 312 g",Mandariner,"kr 10,00",Dessert,"kr 32,05 per kg"
Is og desserter,460 g,Halve Pærer,"kr 24,20",Dessert,"kr 52,61 per kg"
Is og desserter,410 g,Aprikoser Halve,"kr 16,50",Dessert,"kr 40,24 per kg"
Is og desserter,230 g,Cocktailbær,"kr 39,20",Dessert,"kr 170,43 per kg"
Is og desserter,"0,25 l",Vaniljesaus Melkefri,"kr 17,40",Dessert,"kr 69,60 per l"
Is og desserter,"4x125g, 500 g",Soyadessert Mørk Sjokolade,"kr 30,10",Dessert,"kr 60,20 per kg"
Is og desserter,"4x125g, 500 g",Soyadessert Vanilje,"kr 32,00",Dessert,"kr 64,00 per kg"
Is og desserter,250 g,Kos Jordbærsaus,"kr 22,80",Dessert,"kr 91,20 per kg"
Middager og tilbehør,"1,2 kg",Fiskesuppe,"kr 49,00",Supper,"kr 40,83 per kg"
Middager og tilbehør,1 l,Fruktsuppe,"kr 28,80",Supper,"kr 188,24 per kg"
Clas Ohlson-butikken,1 stk,Pizzakutter,"kr 39,90",Kjøkken,"kr 39,90 per stk"
Clas Ohlson-butikken,1 stk,Plastfolieautomat,"kr 269,90",Kjøkken,"kr 269,90 per stk"
Clas Ohlson-butikken,1 stk,Potetskreller,"kr 39,90",Kjøkken,"kr 39,90 per stk"
Clas Ohlson-butikken,1 stk,Rivjern,"kr 69,90",Kjøkken,"kr 69,90 per stk"
Clas Ohlson-butikken,1 stk,Sitruspresse,"kr 199,90",Kjøkken,"kr 199,90 per stk"
Clas Ohlson-butikken,1 stk,Stekefolie Nonstick,"kr 59,90",Kjøkken,"kr 59,90 per stk"
Clas Ohlson-butikken,"29cm, 1 stk",Stekespade rustfritt stål,"kr 49,90",Kjøkken,"kr 49,90 per stk"
Clas Ohlson-butikken,1 stk,Struspresse Coline,"kr 179,90",Kjøkken,"kr 179,90 per stk"
Clas Ohlson-butikken,"Gullfarget med børste, 4 stk",Sugerør metall,"kr 99,90",Kjøkken,"kr 24,98 per stk"
Middager og tilbehør,500 g,Penne Rigate,"kr 21,00",Pasta og nudler,"kr 42,00 per kg"
Middager og tilbehør,500 g,Farfalle,"kr 32,80",Pasta og nudler,"kr 65,60 per kg"
Middager og tilbehør,300 g,Tagliatelle Glutenfri,"kr 36,20",Pasta og nudler,"kr 120,67 per kg"
Middager og tilbehør,"Glutenfri, 400 g",Fusilli,"kr 34,40",Pasta og nudler,"kr 86,00 per kg"
Middager og tilbehør,"Økologisk, 500 g",Fusilli,"kr 34,00",Pasta og nudler,"kr 68,00 per kg"
Middager og tilbehør,"Glutenfri, 300 g",Pasta Penne Økologisk,"kr 31,10",Pasta og nudler,"kr 103,67 per kg"
Middager og tilbehør,"Glutenfri, 300 g",Pasta Fusilli Økologisk,"kr 31,10",Pasta og nudler,"kr 103,67 per kg"
Middager og tilbehør,"Økologisk, 500 g",Speltskruer Fullkorn,"kr 51,10",Pasta og nudler,"kr 102,20 per kg"
Middager og tilbehør,"Økologisk, 500 g",Pasta Speltskruer,"kr 48,80",Pasta og nudler,"kr 97,60 per kg"
Middager og tilbehør,500 g,Tagliatelle,"kr 25,30",Pasta og nudler,"kr 50,60 per kg"
Middager og tilbehør,180 g,Hollandaise,"kr 10,00",Ferdigsauser,"kr 55,56 per kg"
Middager og tilbehør,"2,5 dl",Bearnaisesaus,"kr 33,80",Ferdigsauser,"kr 135,20 per l"
Middager og tilbehør,300 ml,Pepper Ferdigsaus,"kr 35,40",Ferdigsauser,"kr 118,00 per l"
Middager og tilbehør,300 ml,Champignon Ferdigsaus,"kr 39,10",Ferdigsauser,"kr 130,33 per l"
Middager og tilbehør,300 ml,Hollandaise Ferdigsaus,"kr 40,70",Ferdigsauser,"kr 135,67 per l"
Middager og tilbehør,300 ml,Bearnaise Ferdigsaus,"kr 34,70",Ferdigsauser,"kr 115,67 per l"
Middager og tilbehør,250 g,Kos Jordbærsaus,"kr 22,80",Ferdigsauser,"kr 91,20 per kg"
Middager og tilbehør,1 dl,Fersk Aioli,"kr 31,60",Ferdigsauser,"kr 316,00 per l"
Drikkevarer,"Lett, 0,25 l",Solrik Jordbær & Appelsin,"kr 13,80",Saft,"kr 55,20 per l"
Drikkevarer,"0,25 l",Solrik Appelsin Lett,"kr 13,80",Saft,"kr 55,20 per l"
Drikkevarer,"0,2 l",Kuli Appelsin,"kr 14,80",Saft,"kr 74,00 per l"
Drikkevarer,"0,2 l",Kuli Eple,"kr 14,80",Saft,"kr 74,00 per l"
Drikkevarer,250 ml,Sprett Epledrikk,"kr 16,20",Saft,"kr 64,80 per l"
Drikkevarer,250 ml,Sprett Tropisk drikk,"kr 16,20",Saft,"kr 64,80 per l"
Drikkevarer,"Drikkeklar, 0,75 l",Økologisk Hylleblomstsaft,"kr 109,00",Saft,"kr 145,33 per l"
Drikkevarer,700 ml,Økologisk Bringebærsaft,"kr 119,00",Saft,"kr 170,00 per l"
Barneprodukter,"Fra 6 mnd, 20 g",Maizepuffs Gulrot + Pastinakk,"kr 24,80","Smoothie, yoghurt og mellommåltid","kr 1240,00 per kg"
Barneprodukter,"Fra 6 mnd, 20 g",Maizepuffs Jordbær + Banan,"kr 22,80","Smoothie, yoghurt og mellommåltid","kr 1140,00 per kg"
Barneprodukter,"Fra 9 mnd, 12 g",Veggiestaver,"kr 19,60","Smoothie, yoghurt og mellommåltid","kr 1633,33 per kg"
Barneprodukter,"Fra 12 mnd, 6 g",Jordbær & Banan Smoothie Biter,"kr 14,00","Smoothie, yoghurt og mellommåltid","kr 2333,33 per kg"
Barneprodukter,"Fra 12 mnd, 12 g",Fruktsnøre Jordbær,"kr 13,50","Smoothie, yoghurt og mellommåltid","kr 1125,00 per kg"
Barneprodukter,"Fra 7 mnd, 20 g",Organix Gulrotpinner,"kr 22,60","Smoothie, yoghurt og mellommåltid","kr 1130,00 per kg"
Barneprodukter,"Fra 12 mnd, 150 g",Kjeks med Fullkorn & Eple,"kr 32,90","Smoothie, yoghurt og mellommåltid","kr 219,33 per kg"
Barneprodukter,"Fra 1-3 år, 37 g","Mini-Stars med Eple, Appelsin og Solbær","kr 24,20","Smoothie, yoghurt og mellommåltid","kr 654,05 per kg"
Is og desserter,"0,8 l",Lykken Riskrem,"kr 49,90",Dessert,"kr 62,38 per l"
Is og desserter,"20 stk, 250 g",Mini Vannbakkels,"kr 31,60",Dessert,"kr 126,40 per kg"
Is og desserter,85 g,Sitronfromasj,"kr 19,40",Dessert,"kr 228,24 per kg"
Is og desserter,14 g,Bringebærgele Uten Sukker,"kr 18,80",Dessert,"kr 1342,86 per kg"
Is og desserter,500 g,Eple Crumble,"kr 49,90",Dessert,"kr 99,80 per kg"
Is og desserter,500 g,Cheesecake Salted Caramel,"kr 70,90",Dessert,"kr 141,80 per kg"
Is og desserter,110 g,Crème Brûlée,"kr 48,40",Dessert,"kr 440,00 per kg"
Is og desserter,"Melkefri, 2 pk, 230 g",Karamellpudding,"kr 21,00",Dessert,"kr 91,30 per kg"
Is og desserter,2 stk,Karamellpudding,"kr 52,80",Dessert,"kr 155,29 per kg"
Is og desserter,175 g,Mini-Berliner Raspberry,"kr 31,60",Dessert,"kr 180,57 per kg"
Clas Ohlson-butikken,1 stk,Termoskanne 1 liter svart,"kr 149,90",Kjøkken,"kr 149,90 per stk"
Middager og tilbehør,1 kg,Makaroni,"kr 19,90",Pasta og nudler,"kr 19,90 per kg"
Middager og tilbehør,650 g,Makaroni Snarkokt,"kr 20,50",Pasta og nudler,"kr 31,54 per kg"
Middager og tilbehør,500 g,Makaroni Fullkorn,"kr 25,10",Pasta og nudler,"kr 50,20 per kg"
Middager og tilbehør,500 g,Lasagne,"kr 45,90",Pasta og nudler,"kr 91,80 per kg"
Middager og tilbehør,"100% Durum, 500 g",Lasagneplater,"kr 21,00",Pasta og nudler,"kr 42,00 per kg"
Middager og tilbehør,"Økologisk, 500 g",Goodly Makaroni Glutenfri,"kr 34,90",Pasta og nudler,"kr 69,80 per kg"
Middager og tilbehør,500 g,Lasagneplater Fullkorn,"kr 24,70",Pasta og nudler,"kr 49,40 per kg"
Middager og tilbehør,175 ml,Fersk Bearnaisesaus,"kr 38,10",Ferdigsauser,"kr 217,71 per l"
Middager og tilbehør,180 g,Fersk Tzatziki,"kr 30,00",Ferdigsauser,"kr 166,67 per kg"
Middager og tilbehør,"2,5 dl",Fjordland Peppersaus,"kr 36,00",Ferdigsauser,"kr 144,00 per l"
Middager og tilbehør,"Med Soltørkede Tomater, 275 g",Hummus,"kr 43,90",Ferdigsauser,"kr 159,64 per kg"
Middager og tilbehør,"(Baba Ghannoughe), 150 g",Auberginesalat,"kr 33,00",Ferdigsauser,"kr 220,00 per kg"
Middager og tilbehør,"Hot'n Spicy, 150 g",Hummus,"kr 27,50",Ferdigsauser,"kr 183,33 per kg"
Middager og tilbehør,"Orginal, 275 g",Hummus,"kr 39,80",Ferdigsauser,"kr 144,73 per kg"
Middager og tilbehør,150 g,Hummus Med Grønne Erter,"kr 25,90",Ferdigsauser,"kr 172,67 per kg"
Middager og tilbehør,150 g,Hummus Rødbet,"kr 26,90",Ferdigsauser,"kr 179,33 per kg"
Middager og tilbehør,230 ml,Lohmanders Kremet Bearnaisesaus,"kr 32,60",Ferdigsauser,"kr 141,74 per l"
Drikkevarer,"0,25 l",Økologisk Blåbærdrikk,"kr 39,90",Saft,"kr 159,60 per l"
Drikkevarer,"0,25 l",Økologisk Hylleblomstdrikk,"kr 39,90",Saft,"kr 159,60 per l"
Drikkevarer,250 ml,Økologisk Ripsdrikk,"kr 39,90",Saft,"kr 159,60 per l"
Drikkevarer,250 ml,Økologisk Kirsbærdrikk,"kr 39,90",Saft,"kr 159,60 per l"
Drikkevarer,250 ml,Økologisk Plommedrikk,"kr 39,90",Saft,"kr 159,60 per l"
Drikkevarer,"0,25 l",Økologisk Rabarbradrikk,"kr 39,90",Saft,"kr 159,60 per l"
Drikkevarer,250 ml,Økologisk Solbærdrikk,"kr 39,90",Saft,"kr 159,60 per l"
Is og desserter,400 g,Oreo Knust Kjeks,"kr 56,00",Dessert,"kr 140,00 per kg"
Is og desserter,"Ekte Italiensk, 2 porsjoner, 220 g",Panna Cotta,"kr 42,20",Dessert,"kr 191,82 per kg"
Is og desserter,330 g,Panna Cotta,"kr 42,20",Dessert,"kr 127,88 per kg"
Is og desserter,1 l,Piano Melkesjokoladepudding,"kr 41,80",Dessert,"kr 41,80 per l"
Is og desserter,"Uten tilsatt sukker, 0,5 l",Piano Sjokopudding,"kr 30,60",Dessert,"kr 61,20 per l"
Is og desserter,14 g,Sitrongele Uten Sukker,"kr 18,80",Dessert,"kr 1342,86 per kg"
Middager og tilbehør,"Økologisk, 250 g",Lasagneplater Glutenfri,"kr 27,70",Pasta og nudler,"kr 110,80 per kg"
Middager og tilbehør,525 g,Penne Fullkorn,"kr 25,40",Pasta og nudler,"kr 48,38 per kg"
Middager og tilbehør,500 g,Fusilli Fullkorn,"kr 24,20",Pasta og nudler,"kr 48,40 per kg"
Middager og tilbehør,85 g,Nudler med kjøttsmak,"kr 10,70",Pasta og nudler,"kr 125,88 per kg"
Middager og tilbehør,85 g,Nudler med Kyllingsmak,"kr 10,80",Pasta og nudler,"kr 127,06 per kg"
Middager og tilbehør,65 g,Kopp-Nudler Med kyllingsmak,"kr 22,40",Pasta og nudler,"kr 344,62 per kg"
Middager og tilbehør,65 g,Kopp-Nudler Med Kjøttsmak,"kr 23,80",Pasta og nudler,"kr 366,15 per kg"
Middager og tilbehør,"Rett i Koppen, 65 g",Pasta Bolognese,"kr 28,40",Pasta og nudler,"kr 436,92 per kg"
Middager og tilbehør,500 g,Pastasaus,"kr 15,40",Ferdigsauser,"kr 30,80 per kg"
Middager og tilbehør,140 g,Peppes Hvit Pizzasaus,"kr 29,90",Ferdigsauser,"kr 213,57 per kg"
Middager og tilbehør,400 g,Pizzasaus,"kr 18,80",Ferdigsauser,"kr 47,00 per kg"
Middager og tilbehør,400 g,Pizza Sauce,"kr 17,90",Ferdigsauser,"kr 44,75 per kg"
Middager og tilbehør,200 g,Sennepsaus,"kr 13,90",Ferdigsauser,"kr 69,50 per kg"
Middager og tilbehør,"sterk, 165 g",Fersk Totensalsa hakket kvassere,"kr 32,90",Ferdigsauser,"kr 199,39 per kg"
Middager og tilbehør,"Mild, 165 g",Totensalsa ælminnelig,"kr 32,10",Ferdigsauser,"kr 194,55 per kg"
Middager og tilbehør,"Medium, 165 g",Totensalsa kvass,"kr 32,90",Ferdigsauser,"kr 199,39 per kg"
Drikkevarer,375 ml,Økologisk Rabarbra og Hylleblomstsaft,"kr 139,00",Saft,"kr 370,67 per l"
Drikkevarer,500 ml,Tomtegløgg Original,"kr 34,90",Saft,"kr 69,80 per l"
Drikkevarer,1 l,Tomtegløgg Krydder,"kr 69,90",Saft,"kr 69,90 per l"
Middager og tilbehør,62 g,Rett i Koppen Mac N' Cheese,"kr 28,60",Pasta og nudler,"kr 461,29 per kg"
Middager og tilbehør,"Rett i Koppen, 61 g",Pasta Di Parma,"kr 28,40",Pasta og nudler,"kr 465,57 per kg"
Middager og tilbehør,350 g,Paradiso Ajvar,"kr 31,10",Ferdigsauser,"kr 88,86 per kg"
Middager og tilbehør,350 g,Kimchi,"kr 62,30",Ferdigsauser,"kr 178,00 per kg"
Middager og tilbehør,150 g,Guacamole,"kr 32,90",Ferdigsauser,"kr 219,33 per kg"
Middager og tilbehør,155 g,Hummus Snackpack,"kr 38,40",Ferdigsauser,"kr 247,74 per kg"
Middager og tilbehør,250 ml,Karrisaus Med Kokos Og Eple,"kr 29,00",Ferdigsauser,"kr 116,00 per l"
Pålegg,200 g,Ovnsbakt Leverpostei,"kr 29,00",Leverpostei,"kr 145,00 per kg"
Pålegg,150 g,Leverpostei Grovere Fersk,"kr 40,50",Leverpostei,"kr 270,00 per kg"
Pålegg,"Fersk, 150 g",Leverpostei Glutenfri,"kr 40,70",Leverpostei,"kr 271,33 per kg"
Pålegg,190 g,Dansk Grov Leverpostei,"kr 31,50",Leverpostei,"kr 165,79 per kg"
Pålegg,"Porsjon 6x22g, 132 g",Leverpostei Porsjon,"kr 27,80",Leverpostei,"kr 210,61 per kg"
Pålegg,"6 x 22g, 132 g",Stabburet Leverpostei Glutenfri,"kr 35,80",Leverpostei,"kr 271,21 per kg"
Pålegg,"Go Og Mager, 180 g",Leverpostei Ovnsbakt,"kr 26,70",Leverpostei,"kr 148,33 per kg"
Pålegg,"Original, 190 g",Ovnsbakt Leverpostei,"kr 30,70",Leverpostei,"kr 161,58 per kg"
Pålegg,185 g,Leverpostei Ovnsbakt,"kr 25,40",Leverpostei,"kr 137,30 per kg"
Pålegg,185 g,Baconpostei,"kr 30,80",Leverpostei,"kr 166,49 per kg"
Pålegg,185 g,Pepperbaconpostei,"kr 33,40",Leverpostei,"kr 180,54 per kg"
Pålegg,200 g,Kreolsk Kyllingsalat,"kr 28,90",Salatpålegg,"kr 144,50 per kg"
Pålegg,175 g,Vita Hjertego´ Grønnsakspostei,"kr 29,80",Leverpostei,"kr 170,29 per kg"
Pålegg,185 g,Ovnsbakt Postei,"kr 27,80",Leverpostei,"kr 150,27 per kg"
Pålegg,"Fin&Fersk, 150 g",Leverpostei,"kr 20,80",Leverpostei,"kr 138,67 per kg"
Pålegg,100 g,Svolværpostei,"kr 23,40",Leverpostei,"kr 234,00 per kg"
Pålegg,100 g,Kyllingpostei,"kr 16,40",Leverpostei,"kr 164,00 per kg"
Pålegg,100 g,Leverpostei Glutenfri,"kr 15,10",Leverpostei,"kr 151,00 per kg"
Pålegg,100 g,Leverpostei,"kr 9,40",Leverpostei,"kr 94,00 per kg"
Pålegg,350 g,Flytende Akasiehonning,"kr 69,80",Honning og søtpålegg,"kr 199,43 per kg"
Pålegg,180 g,Krepsesalat med Chili,"kr 44,70",Salatpålegg,"kr 248,33 per kg"
Pålegg,180 g,Italiensk Salat Med Kjøtt,"kr 16,80",Salatpålegg,"kr 93,33 per kg"
Pålegg,180 g,Reker I Mills Majones,"kr 40,90",Salatpålegg,"kr 227,22 per kg"
Pålegg,320 g,Italiensk Salat,"kr 27,00",Salatpålegg,"kr 84,38 per kg"
Pålegg,350 g,Waldorfsalat,"kr 29,40",Salatpålegg,"kr 84,00 per kg"
Pålegg,200 g,Karrikyllingsalat,"kr 34,90",Salatpålegg,"kr 174,50 per kg"
Pålegg,200 g,Kyllingsalat,"kr 31,40",Salatpålegg,"kr 157,00 per kg"
Pålegg,200 g,Leverpostei,"kr 14,20",Leverpostei,"kr 71,00 per kg"
Pålegg,240 g,Gullpostei,"kr 28,80",Leverpostei,"kr 120,00 per kg"
Pålegg,240 g,Paté Hvitløk Ovnsbakt,"kr 34,40",Leverpostei,"kr 143,33 per kg"
Pålegg,240 g,Paté Pepper Ovnsbakt,"kr 32,50",Leverpostei,"kr 135,42 per kg"
Pålegg,400 g,Grov Ovnsbakt Leverpostei,"kr 38,40",Leverpostei,"kr 96,00 per kg"
Pålegg,190 g,Pepper & Baconpostei,"kr 33,60",Leverpostei,"kr 176,84 per kg"
Pålegg,400 g,Grønn Pepperpatè 400 g,"kr 103,00",Leverpostei,"kr 257,50 per kg"
Pålegg,"Flytende, 350 g",Fjellhonning,"kr 72,40",Honning og søtpålegg,"kr 206,86 per kg"
Pålegg,700 g,Blomsterhonning Mørk,"kr 77,90",Honning og søtpålegg,"kr 111,29 per kg"
Pålegg,250 g,Lynghonning,"kr 83,60",Honning og søtpålegg,"kr 334,40 per kg"
Pålegg,350 g,Bringebærhonning Myk,"kr 93,90",Honning og søtpålegg,"kr 268,29 per kg"
Pålegg,350 g,Lynghonning Kraftig,"kr 98,90",Honning og søtpålegg,"kr 282,57 per kg"
Pålegg,350 g,Skogshonning Ren,"kr 93,90",Honning og søtpålegg,"kr 268,29 per kg"
Pålegg,350 g,Ekte Honning,"kr 79,80",Honning og søtpålegg,"kr 228,00 per kg"
Pålegg,200 g,Russisk Rekesalat,"kr 39,80",Salatpålegg,"kr 199,00 per kg"
Pålegg,200 g,Rødbetsalat,"kr 25,80",Salatpålegg,"kr 129,00 per kg"
Pålegg,320 g,Rekesalat,"kr 47,70",Salatpålegg,"kr 149,06 per kg"
Pålegg,200 g,Rekesalat,"kr 27,50",Salatpålegg,"kr 137,50 per kg"
Pålegg,200 g,Italiensk Salat,"kr 18,10",Salatpålegg,"kr 90,50 per kg"
Pålegg,200 g,Eggesalat,"kr 32,80",Salatpålegg,"kr 164,00 per kg"
Pålegg,150 g,Grønn Pepperpatè,"kr 41,50",Leverpostei,"kr 276,67 per kg"
Pålegg,150 g,Hvitløkspatè,"kr 44,60",Leverpostei,"kr 297,33 per kg"
Pålegg,150 g,Landpatè,"kr 44,60",Leverpostei,"kr 297,33 per kg"
Pålegg,185 g,Leverpostei,"kr 16,20",Leverpostei,"kr 87,57 per kg"
Pålegg,"Med Steinsopp, 200 g",Ridderheims Vegetarpostei,"kr 29,00",Leverpostei,"kr 145,00 per kg"
Pålegg,"På Tube, 185 g",Stabbur-makrell,"kr 32,80",Fiskepålegg,"kr 177,30 per kg"
Pålegg,"Økologisk, 236 ml",Lønnesirup Lys,"kr 99,80",Honning og søtpålegg,"kr 422,88 per l"
Pålegg,"Økologisk, 189 ml",Lønnesirup,"kr 72,00",Honning og søtpålegg,"kr 380,95 per l"
Pålegg,"Økologisk, 333 g",Agavesirup Chantico Wild,"kr 70,90",Honning og søtpålegg,"kr 212,91 per kg"
Pålegg,250 g,Agavesirup Økologisk,"kr 57,10",Honning og søtpålegg,"kr 228,40 per kg"
Pålegg,450 ml,Daddelsirup,"kr 45,60",Honning og søtpålegg,"kr 101,33 per l"
Pålegg,"Økologisk, 340 g",Peanøttsmør Crunchy,"kr 64,80",Honning og søtpålegg,"kr 190,59 per kg"
Drikkevarer,"4 X 1,5l, 6 l",Coca-Cola Uten Sukker,"kr 108,90",Brus,"kr 18,15 per l"
Pålegg,320 g,Italiensk Salat med Kjøtt,"kr 42,40",Salatpålegg,"kr 132,50 per kg"
Pålegg,185 g,Frokostsalat,"kr 30,60",Salatpålegg,"kr 165,41 per kg"
Pålegg,200 g,Chilikreps i Aioli,"kr 38,80",Salatpålegg,"kr 194,00 per kg"
Pålegg,200 g,Crabsticksalat,"kr 18,10",Salatpålegg,"kr 90,50 per kg"
Pålegg,200 g,Skagensalat,"kr 32,40",Salatpålegg,"kr 162,00 per kg"
Pålegg,400 g,Italiensk Salat,"kr 20,60",Salatpålegg,"kr 51,50 per kg"
Pålegg,400 g,Rekesalat,"kr 29,10",Salatpålegg,"kr 72,75 per kg"
Pålegg,"Knapptang, 250 ml",Spicy Seaspaghetti,"kr 129,00",Salatpålegg,"kr 516,00 per l"
Pålegg,80 g,Peppermakrell i olje,"kr 37,50",Fiskepålegg,"kr 468,75 per kg"
Pålegg,110 g,Stabbur-Makrell Hakket Filet,"kr 18,90",Fiskepålegg,"kr 171,82 per kg"
Pålegg,ca. 280 g,Varmrøkt Pepperlaks,"kr 85,70",Fiskepålegg,"kr 306,07 per kg"
Pålegg,150 g,"Røkt Laks, Skivet","kr 51,90",Fiskepålegg,"kr 346,00 per kg"
Pålegg,350 g,Røkt Ørret Skivet,"kr 129,00",Fiskepålegg,"kr 368,57 per kg"
Pålegg,110 g,Stabbur-Makrell I Tomat,"kr 17,20",Fiskepålegg,"kr 156,36 per kg"
Pålegg,"Grov, 350 g",Peanutbutter,"kr 41,80",Honning og søtpålegg,"kr 119,43 per kg"
Pålegg,340 g,Skippy Peanutbutter Crunchy,"kr 46,30",Honning og søtpålegg,"kr 136,18 per kg"
Pålegg,350 g,Peanøttsmør,"kr 29,70",Honning og søtpålegg,"kr 84,86 per kg"
Pålegg,340 g,Peanøttsmør Creamy,"kr 57,10",Honning og søtpålegg,"kr 167,94 per kg"
Pålegg,350 g,Plantego' Økologisk Peanøttsmør,"kr 46,70",Honning og søtpålegg,"kr 133,43 per kg"
Pålegg,"Grovt Uten Salt, 250 g",Peanøttsmør,"kr 49,10",Honning og søtpålegg,"kr 196,40 per kg"
Pålegg,"Økologisk, 250 g",Cashewsmør Naturell,"kr 99,70",Honning og søtpålegg,"kr 398,80 per kg"
Pålegg,"Økologisk, 250 g",Mandelsmør Mørkt,"kr 146,70",Honning og søtpålegg,"kr 586,80 per kg"
Drikkevarer,"4 x 1,5 l, 6 l",Coca-Cola,"kr 114,90",Brus,"kr 19,15 per l"
Drikkevarer,"6 x 1,5l, 9 l",Pepsi Max,"kr 149,90",Brus,"kr 16,66 per l"
Drikkevarer,"4 x 1,5l, 6 l",Pepsi Max,"kr 94,90",Brus,"kr 15,82 per l"
Drikkevarer,"4 x 0,33l, 1,32 l",Pepsi Max,"kr 49,90",Brus,"kr 37,80 per l"
Drikkevarer,"4 x 0,33l, 1,32 l",Pepsi Max Lime,"kr 49,90",Brus,"kr 37,80 per l"
Pålegg,"Taste Lab, 250 g",Coleslaw,"kr 15,00",Salatpålegg,"kr 60,00 per kg"
Pålegg,180 g,Reke & Krepse Salat,"kr 35,70",Salatpålegg,"kr 198,33 per kg"
Pålegg,180 g,Hummer Og Rekesalat,"kr 37,80",Salatpålegg,"kr 210,00 per kg"
Pålegg,"Avokado og Kikerter, 165 g",Grønnsakspålegg,"kr 30,60",Salatpålegg,"kr 185,45 per kg"
Pålegg,"Grillet Paprika og Kikerter, 165 g",Grønnsakspålegg,"kr 30,60",Salatpålegg,"kr 185,45 per kg"
Pålegg,150 g,Go'vegan Smørepålegg,"kr 42,60",Salatpålegg,"kr 284,00 per kg"
Pålegg,180 g,Skagenrøre,"kr 43,90",Salatpålegg,"kr 243,89 per kg"
Pålegg,170 g,Makrell i tomat,"kr 16,50",Fiskepålegg,"kr 97,06 per kg"
Pålegg,"Porsjon 6x22g, 132 g",Stabbur-Makrell,"kr 36,40",Fiskepålegg,"kr 275,76 per kg"
Pålegg,90 g,Laksepålegg med varmrøkt laks,"kr 41,80",Fiskepålegg,"kr 464,44 per kg"
Pålegg,90 g,Makrell i Tomat,"kr 13,20",Fiskepålegg,"kr 146,67 per kg"
Pålegg,50 g,Gaffelbiter i Sherrysaus,"kr 23,30",Fiskepålegg,"kr 466,00 per kg"
Pålegg,110 g,Makrell i Tomat,"kr 17,40",Fiskepålegg,"kr 158,18 per kg"
Pålegg,350 g,Nutella,"kr 49,40",Honning og søtpålegg,"kr 141,14 per kg"
Pålegg,500 g,Sjokade,"kr 34,80",Honning og søtpålegg,"kr 69,60 per kg"
Pålegg,340 g,Nugatti Air,"kr 39,00",Honning og søtpålegg,"kr 114,71 per kg"
Pålegg,450 g,Nugatti Max,"kr 46,00",Honning og søtpålegg,"kr 102,22 per kg"
Pålegg,500 g,Nugatti,"kr 27,90",Honning og søtpålegg,"kr 55,80 per kg"
Pålegg,"Vegan, 270 g",Hazelnut Chocolate Sjokoladepålegg,"kr 60,60",Honning og søtpålegg,"kr 224,44 per kg"
Pålegg,"Vegansk, 200 g",Sjokoladepålegg med Hasselnøtt,"kr 41,50",Honning og søtpålegg,"kr 207,50 per kg"
Pålegg,400 g,Sjokoduo,"kr 26,60",Honning og søtpålegg,"kr 66,50 per kg"
Pålegg,400 g,Nøttesjoko,"kr 19,90",Honning og søtpålegg,"kr 49,75 per kg"
Pålegg,"Rørte, frosset, 280 g",Jordbærsyltetøy,"kr 47,80",Syltetøy,"kr 170,71 per kg"
Drikkevarer,"1,5 l",Pepsi Max Lime,"kr 36,40",Brus,"kr 24,27 per l"
Drikkevarer,"1,5 l",Pepsi Max,"kr 32,20",Brus,"kr 21,47 per l"
Drikkevarer,"1,5 l",Pepsi,"kr 36,60",Brus,"kr 24,40 per l"
Drikkevarer,"6 x 0,33l, 1,98 l",Hamar Julebrus Lett,"kr 119,40",Brus,"kr 60,30 per l"
Drikkevarer,"6 x 0,33l, 1,98 l",Hamar Julebrus,"kr 119,40",Brus,"kr 60,30 per l"
Drikkevarer,"6 x 0,33l, 1,98 l",Aass Julebrus,"kr 107,40",Brus,"kr 54,24 per l"
Drikkevarer,"6 x 0,33l, 1,98 l",Aass Julebrus Sukkerfri,"kr 107,40",Brus,"kr 54,24 per l"
Drikkevarer,"6 x 0,33l, 1,98 l",Hansa Julebrus,"kr 109,00",Brus,"kr 55,05 per l"
Drikkevarer,"1,5 l",Dahls Julebrus,"kr 42,90",Brus,"kr 28,60 per l"
Drikkevarer,"1,5 l",Hamar Julebrus,"kr 38,90",Brus,"kr 25,93 per l"
Pålegg,180 g,Skagensalat,"kr 41,20",Salatpålegg,"kr 228,89 per kg"
Pålegg,180 g,Vita Hjertego´ Italiensk Salat,"kr 19,80",Salatpålegg,"kr 110,00 per kg"
Pålegg,180 g,Vita Hjertego´ Rødbetsalat,"kr 24,80",Salatpålegg,"kr 137,78 per kg"
Pålegg,700 g,Potetsalat,"kr 39,10",Salatpålegg,"kr 55,86 per kg"
Pålegg,110 g,Skinnfri Makrell Chili,"kr 21,80",Fiskepålegg,"kr 198,18 per kg"
Pålegg,85 g,Tunfisk Thai Chili,"kr 15,80",Fiskepålegg,"kr 185,88 per kg"
Pålegg,150 g,Seifilet,"kr 74,80",Fiskepålegg,"kr 498,67 per kg"
Pålegg,380 g,Sursild,"kr 44,30",Fiskepålegg,"kr 116,58 per kg"
Pålegg,380 g,Tomatsild,"kr 39,20",Fiskepålegg,"kr 103,16 per kg"
Pålegg,380 g,Peppersild,"kr 45,00",Fiskepålegg,"kr 118,42 per kg"
Pålegg,270 g,Appetittsild,"kr 35,80",Fiskepålegg,"kr 132,59 per kg"
Pålegg,85 g,Tunfisk med Tomat & Basilikum,"kr 15,00",Fiskepålegg,"kr 176,47 per kg"
Pålegg,940 g,Sursild,"kr 50,00",Fiskepålegg,"kr 53,19 per kg"
Pålegg,310 g,Hapå,"kr 33,40",Honning og søtpålegg,"kr 107,74 per kg"
Pålegg,240 g,Banos,"kr 21,80",Honning og søtpålegg,"kr 90,83 per kg"
Pålegg,280 g,Sunda,"kr 26,40",Honning og søtpålegg,"kr 94,29 per kg"
Pålegg,"Rørte, frosset, 280 g",Bringebærsyltetøy,"kr 55,80",Syltetøy,"kr 199,29 per kg"
Pålegg,400 g,Tyttebærsyltetøy Hjemmelaget,"kr 42,40",Syltetøy,"kr 106,00 per kg"
Pålegg,400 g,Bringebærsyltetøy Hjemmelaget,"kr 22,70",Syltetøy,"kr 56,75 per kg"
Pålegg,160 g,Bringebærsyltetøy,"kr 65,80",Syltetøy,"kr 411,25 per kg"
Pålegg,"Lett, 535 g",Jordbærsyltetøy,"kr 46,80",Syltetøy,"kr 87,48 per kg"
Pålegg,530 g,Moste Jordbær Lett,"kr 42,70",Syltetøy,"kr 80,57 per kg"
Pålegg,"Uten Tilsatt Sukker, 330 g",Blåbærsyltetøy,"kr 50,40",Syltetøy,"kr 152,73 per kg"
Pålegg,"Uten Tilsatt Sukker, 330 g",Jordbærsyltetøy,"kr 35,80",Syltetøy,"kr 108,48 per kg"
Pålegg,525 g,Blåbærsyltetøy Lett,"kr 34,50",Syltetøy,"kr 65,71 per kg"
Drikkevarer,"1,5 l",Hamar Julebrus Lett,"kr 38,90",Brus,"kr 25,93 per l"
Drikkevarer,"1,5 l",Julebrus X,"kr 29,90",Brus,"kr 19,93 per l"
Drikkevarer,"1,5 l",Julebrus,"kr 29,90",Brus,"kr 19,93 per l"
Drikkevarer,"0,5 l",Ringnes Julebrus,"kr 29,90",Brus,"kr 59,80 per l"
Drikkevarer,"0,5 l",Ringnes Julebrus Lett,"kr 24,90",Brus,"kr 49,80 per l"
Drikkevarer,"4 x 0,5l, 2 l",Pepsi Max,"kr 79,80",Brus,"kr 39,90 per l"
Drikkevarer,"1,5 l",Coca-Cola,"kr 34,20",Brus,"kr 22,80 per l"
Pålegg,55 g,Makalös Ansjosfileter,"kr 26,80",Fiskepålegg,"kr 487,27 per kg"
Pålegg,55 g,Cocktailbiter i Dill,"kr 23,80",Fiskepålegg,"kr 432,73 per kg"
Pålegg,105 g,Sardiner I Olje,"kr 17,30",Fiskepålegg,"kr 164,76 per kg"
Pålegg,105 g,Sardiner I Tomatsaus,"kr 17,30",Fiskepålegg,"kr 164,76 per kg"
Pålegg,"2x110g, 220 g",Makrell I Tomat,"kr 14,90",Fiskepålegg,"kr 67,73 per kg"
Pålegg,600 g,Gjestgiversild,"kr 50,80",Fiskepålegg,"kr 84,67 per kg"
Pålegg,600 g,Sennepsild,"kr 54,50",Fiskepålegg,"kr 90,83 per kg"
Pålegg,600 g,Skutesild,"kr 49,80",Fiskepålegg,"kr 83,00 per kg"
Pålegg,600 g,Utsirasild,"kr 53,90",Fiskepålegg,"kr 89,83 per kg"
Pålegg,"Uten Tilsatt Sukker, 330 g",Eple & Pæresyltetøy,"kr 35,80",Syltetøy,"kr 108,48 per kg"
Pålegg,"Uten Tilsatt Sukker, 330 g",Bringebær,"kr 39,90",Syltetøy,"kr 120,91 per kg"
Pålegg,"Naturlig Lett, 540 g",Blåbærsyltetøy,"kr 65,90",Syltetøy,"kr 122,04 per kg"
Pålegg,540 g,Bringebærsyltetøy Lett,"kr 57,40",Syltetøy,"kr 106,30 per kg"
Pålegg,525 g,Eplesyltetøy Lett,"kr 34,50",Syltetøy,"kr 65,71 per kg"
Pålegg,525 g,Jordbærsyltetøy Lett,"kr 34,50",Syltetøy,"kr 65,71 per kg"
Pålegg,525 g,Bringebærsyltetøy Lett,"kr 34,50",Syltetøy,"kr 65,71 per kg"
Pålegg,240 g,Hola Serrano,"kr 85,00",Spekemat og salami,"kr 354,17 per kg"
Drikkevarer,"1,5 l",Coca-Cola Uten Sukker,"kr 35,60",Brus,"kr 23,73 per l"
Drikkevarer,"0,5 l",Coca-Cola Lemon,"kr 28,00",Brus,"kr 56,00 per l"
Drikkevarer,"Lemon, 0,5 l",Coca-Cola Uten Sukker,"kr 26,50",Brus,"kr 53,00 per l"
Drikkevarer,"4 x 0,33l, 1,32 l",Coca-Cola Regular,"kr 57,40",Brus,"kr 43,48 per l"
Drikkevarer,"1,5 l",Fanta Orange,"kr 36,90",Brus,"kr 24,60 per l"
Drikkevarer,"1,5 l",Solo,"kr 35,60",Brus,"kr 23,73 per l"
Drikkevarer,"1,5 l",Solo Super Rabarbra & Bringebær,"kr 38,40",Brus,"kr 25,60 per l"
Drikkevarer,"1,5 l",Solo Super,"kr 34,70",Brus,"kr 23,13 per l"
Drikkevarer,"4 x 0,33l, 1,32 l",Solo,"kr 49,90",Brus,"kr 37,80 per l"
Drikkevarer,"10 x 0,33l, 3,3 l",Urge,"kr 117,60",Brus,"kr 35,64 per l"
Drikkevarer,"1,5 l",Urge,"kr 37,80",Brus,"kr 25,20 per l"
Pålegg,240 g,Håndpillede Reker i Lake,"kr 104,90",Fiskepålegg,"kr 437,08 per kg"
Pålegg,106 g,Sardiner i Olivenolje,"kr 28,80",Fiskepålegg,"kr 271,70 per kg"
Pålegg,"Classic, 106 g",Sardiner i Olivenolje,"kr 23,80",Fiskepålegg,"kr 224,53 per kg"
Pålegg,"Classic, 106 g",Sardiner i Tomatsaus,"kr 22,40",Fiskepålegg,"kr 211,32 per kg"
Pålegg,110 g,Skinnfri Makrell Stevia,"kr 24,80",Fiskepålegg,"kr 225,45 per kg"
Pålegg,220 g,Kryddersildfilet,"kr 28,80",Fiskepålegg,"kr 130,91 per kg"
Pålegg,ca. 200 g,Peppermakrell,"kr 24,60",Fiskepålegg,"kr 123,00 per kg"
Pålegg,"Fine, 106 g",Sardiner Mediterranean Style,"kr 30,80",Fiskepålegg,"kr 290,57 per kg"
Pålegg,200 g,Sildakongen Gaffelbiter,"kr 28,40",Fiskepålegg,"kr 142,00 per kg"
Pålegg,220 g,Spekesildfilet,"kr 28,80",Fiskepålegg,"kr 130,91 per kg"
Pålegg,110 g,Makrell Hakket i Salsa,"kr 25,90",Fiskepålegg,"kr 235,45 per kg"
Pålegg,"Økologisk, 230 g",Syltetøy Jordbær & Rabarbra,"kr 25,00",Syltetøy,"kr 108,70 per kg"
Pålegg,"Økologisk, 230 g",Syltetøy Solbær,"kr 34,40",Syltetøy,"kr 149,57 per kg"
Pålegg,"Økologisk, 230 g",Bringebærsyltetøy,"kr 28,80",Syltetøy,"kr 125,22 per kg"
Pålegg,"Økologisk, 230 g",Syltetøy Appelsin,"kr 25,00",Syltetøy,"kr 108,70 per kg"
Pålegg,380 g,Eplemos med Biter Hjemmelaget,"kr 46,40",Syltetøy,"kr 122,11 per kg"
Pålegg,390 g,Moste Jordbær Hjemmelaget,"kr 46,90",Syltetøy,"kr 120,26 per kg"
Pålegg,400 g,Appelsinmarmelade Hjemmelaget,"kr 35,40",Syltetøy,"kr 88,50 per kg"
Pålegg,400 g,Aprikossyltetøy Hjemmelaget,"kr 44,80",Syltetøy,"kr 112,00 per kg"
Pålegg,400 g,Blåbærsyltetøy Hjemmelaget,"kr 49,90",Syltetøy,"kr 124,75 per kg"
Pålegg,400 g,Jordbærsyltetøy Hjemmelaget,"kr 28,10",Syltetøy,"kr 70,25 per kg"
Pålegg,360 g,Aprikos Heimefrå,"kr 33,80",Syltetøy,"kr 93,89 per kg"
Pålegg,130 g,Salami Siliana Skivet,"kr 41,40",Spekemat og salami,"kr 318,46 per kg"
Pålegg,"Skivet, 200 g",Salami,"kr 52,60",Spekemat og salami,"kr 263,00 per kg"
Pålegg,100 g,Jubelsalami,"kr 34,60",Spekemat og salami,"kr 346,00 per kg"
Pålegg,130 g,Nistesalami,"kr 34,40",Spekemat og salami,"kr 264,62 per kg"
Pålegg,80 g,Gullsalami,"kr 31,50",Spekemat og salami,"kr 393,75 per kg"
Pålegg,150 g,Gullsalami,"kr 45,80",Spekemat og salami,"kr 305,33 per kg"
Pålegg,100 g,Jubelsalami Med Pepper,"kr 36,90",Spekemat og salami,"kr 369,00 per kg"
Pålegg,170 g,Jubelsalami,"kr 47,00",Spekemat og salami,"kr 276,47 per kg"
Pålegg,100 g,Supersalami,"kr 44,30",Spekemat og salami,"kr 443,00 per kg"
Drikkevarer,"4 x 0,33l, 1,32 l",7UP Free,"kr 49,90",Brus,"kr 37,80 per l"
Drikkevarer,"0,33 l",Tøyen-Cola,"kr 28,50",Brus,"kr 86,36 per l"
Drikkevarer,"1,5 l",Coca-Cola Light,"kr 35,60",Brus,"kr 23,73 per l"
Drikkevarer,"1,5 l",Fanta Exotic,"kr 37,80",Brus,"kr 25,20 per l"
Drikkevarer,"Glassflaske, 0,3 l",Solo,"kr 25,90",Brus,"kr 86,33 per l"
Drikkevarer,"Glassflaske, 0,33 l",Coca-Cola,"kr 22,80",Brus,"kr 69,09 per l"
Drikkevarer,"Glassflaske, 0,33 l",Coca-Cola Uten Sukker,"kr 25,00",Brus,"kr 75,76 per l"
Drikkevarer,"1,5 l",Singo,"kr 24,30",Brus,"kr 16,20 per l"
Drikkevarer,"1,5 l",Sprite,"kr 37,00",Brus,"kr 24,67 per l"
Pålegg,300 g,Rekekabaret,"kr 34,90",Fiskepålegg,"kr 116,33 per kg"
Pålegg,360 g,Appelsin Heimefrå,"kr 33,80",Syltetøy,"kr 93,89 per kg"
Pålegg,360 g,Bringebær Heimefrå,"kr 37,80",Syltetøy,"kr 105,00 per kg"
Pålegg,360 g,Solbærsyltetøy Heimefrå,"kr 43,40",Syltetøy,"kr 120,56 per kg"
Pålegg,360 g,Jordbær Heimefrå,"kr 34,00",Syltetøy,"kr 94,44 per kg"
Pålegg,360 g,Kirsebærsyltetøy Heimefrå,"kr 34,30",Syltetøy,"kr 95,28 per kg"
Pålegg,360 g,Molte Heimefrå,"kr 93,90",Syltetøy,"kr 260,83 per kg"
Pålegg,430 g,Fru Bennett Appelsinmarmelade,"kr 39,40",Syltetøy,"kr 91,63 per kg"
Pålegg,"Squeezy, 425 g",Jordbærsyltetøy,"kr 29,70",Syltetøy,"kr 69,88 per kg"
Pålegg,"Squeezy, 425 g",Bringebærsyltetøy,"kr 37,10",Syltetøy,"kr 87,29 per kg"
Pålegg,"Squeezy, 420 g",Bringebær & Blåbærsyltetøy,"kr 44,40",Syltetøy,"kr 44,40 per stk"
Pålegg,415 g,Jordbær Klem,"kr 28,40",Syltetøy,"kr 68,43 per kg"
Middager og tilbehør,250 ml,Kremet Provencesaus,"kr 29,00",Ferdigsauser,"kr 116,00 per l"
Pålegg,135 g,Jubelsalami,"kr 41,70",Spekemat og salami,"kr 308,89 per kg"
Pålegg,210 g,Trønderfår,"kr 68,90",Spekemat og salami,"kr 328,10 per kg"
Pålegg,"Bordpakning, 250 g",Nistesalami,"kr 47,10",Spekemat og salami,"kr 188,40 per kg"
Pålegg,170 g,Trønderfår,"kr 53,60",Spekemat og salami,"kr 315,29 per kg"
Pålegg,100 g,Trønderfår,"kr 38,80",Spekemat og salami,"kr 388,00 per kg"
Pålegg,91 g,Fårepølse,"kr 32,30",Spekemat og salami,"kr 354,95 per kg"
Pålegg,150 g,Favorittsalami Skivet,"kr 42,30",Spekemat og salami,"kr 282,00 per kg"
Pålegg,150 g,Salami,"kr 42,20",Spekemat og salami,"kr 281,33 per kg"
Pålegg,150 g,Kryddersalami,"kr 50,80",Spekemat og salami,"kr 338,67 per kg"
Drikkevarer,"1,5 l",7UP,"kr 34,80",Brus,"kr 23,20 per l"
Drikkevarer,"1,5 l",7UP Free,"kr 35,90",Brus,"kr 23,93 per l"
Drikkevarer,"Pære & Rips, 1,5 l",Mozell Light,"kr 37,40",Brus,"kr 24,93 per l"
Drikkevarer,"1,5 l",Mozell Eple & Drue,"kr 37,40",Brus,"kr 24,93 per l"
Drikkevarer,"Eple & Drue, 1,5 l",Mozell Light,"kr 36,40",Brus,"kr 24,27 per l"
Drikkevarer,"1,5 l",Villa,"kr 37,40",Brus,"kr 24,93 per l"
Drikkevarer,"1,5 l",Ingefærøl,"kr 36,40",Brus,"kr 24,27 per l"
Drikkevarer,"1,5 l",Borg Ingefærøl,"kr 44,20",Brus,"kr 29,47 per l"
Drikkevarer,"1,5 l",Champ,"kr 24,60",Brus,"kr 16,40 per l"
Is og desserter,2 stk,Sjokoladepudding,"kr 52,80",Dessert,"kr 155,29 per kg"
Clas Ohlson-butikken,1 stk,Tesil med klype,"kr 39,90",Kjøkken,"kr 39,90 per stk"
Pålegg,415 g,Klem Bringebær,"kr 32,80",Syltetøy,"kr 79,04 per kg"
Pålegg,600 g,Tyttebærsyltetøy,"kr 53,80",Syltetøy,"kr 89,67 per kg"
Pålegg,1 kg,Tyttebærsyltetøy,"kr 77,90",Syltetøy,"kr 77,90 per kg"
Pålegg,1 kg,Jordbærsyltetøy,"kr 64,70",Syltetøy,"kr 64,70 per kg"
Pålegg,1 kg,Bringebærsyltetøy,"kr 64,70",Syltetøy,"kr 64,70 per kg"
Pålegg,1 kg,Blåbærsyltetøy,"kr 43,90",Syltetøy,"kr 43,90 per kg"
Pålegg,1 kg,Appelsinmarmelade,"kr 33,90",Syltetøy,"kr 33,90 per kg"
Pålegg,1 kg,Aprikossyltetøy,"kr 56,00",Syltetøy,"kr 56,00 per kg"
Middager og tilbehør,160 g,Tsatziki,"kr 34,20",Ferdigsauser,"kr 213,75 per kg"
Middager og tilbehør,"Med Tomat, Chili og Basilikum, 210 g",Hummus Trio,"kr 36,30",Ferdigsauser,"kr 172,86 per kg"
Middager og tilbehør,60 g,Peppes Original Pizzasaus,"kr 13,40",Ferdigsauser,"kr 223,33 per kg"
Pålegg,150 g,Fårepølse,"kr 37,80",Spekemat og salami,"kr 252,00 per kg"
Pålegg,130 g,Italiana Salami,"kr 41,40",Spekemat og salami,"kr 318,46 per kg"
Pålegg,250 g,Dansk Salami Skivet,"kr 34,40",Spekemat og salami,"kr 137,60 per kg"
Pålegg,"Halal, 100 g",Salami,"kr 43,50",Spekemat og salami,"kr 435,00 per kg"
Pålegg,70 g,Strandaskinke,"kr 35,80",Spekemat og salami,"kr 511,43 per kg"
Pålegg,150 g,Strynskinke,"kr 50,10",Spekemat og salami,"kr 334,00 per kg"
Pålegg,200 g,Parmaskinke,"kr 158,90",Spekemat og salami,"kr 794,50 per kg"
Drikkevarer,"1,5 l",Cider Eple & Drue,"kr 25,30",Brus,"kr 16,87 per l"
Drikkevarer,"Uten Tilsatt Sukker, 1,5 l",Cola X,"kr 22,80",Brus,"kr 15,20 per l"
Drikkevarer,"1,5 l",Cola Classic,"kr 24,60",Brus,"kr 16,40 per l"
Drikkevarer,"1,5 l",Siesta,"kr 25,30",Brus,"kr 16,87 per l"
Drikkevarer,"Uten Tilsatt Sukker, 1,5 l",Siesta X,"kr 24,30",Brus,"kr 16,20 per l"
Drikkevarer,1 l,Tonic,"kr 36,80",Brus,"kr 36,80 per l"
Drikkevarer,1 l,Lemon,"kr 36,80",Brus,"kr 36,80 per l"
Drikkevarer,"0,5 l",Coca-Cola Uten Sukker,"kr 24,60",Brus,"kr 49,20 per l"
Drikkevarer,"0,5 l",Coca-Cola,"kr 25,60",Brus,"kr 51,20 per l"
Drikkevarer,"0,5 l",Coca-Cola Light,"kr 25,00",Brus,"kr 50,00 per l"
Middager og tilbehør,"Smårett i Kopp, 68 g",Pasta Bolognese,"kr 26,40",Pasta og nudler,"kr 388,24 per kg"
Is og desserter,"Melkefri, 2 pk, 230 g",Sjokoladepudding,"kr 21,00",Dessert,"kr 91,30 per kg"
Is og desserter,"4 stk, 200 g",Sjokomums,"kr 37,00",Dessert,"kr 185,00 per kg"
Is og desserter,"2 porsjoner, 180 g",Tiramisù,"kr 36,90",Dessert,"kr 205,00 per kg"
Is og desserter,"Sjokopudding, 190 g",YT proteinrik,"kr 21,80",Dessert,"kr 114,74 per kg"
Is og desserter,190 g,YT Proteinrik Vaniljepudding,"kr 26,80",Dessert,"kr 141,05 per kg"
Is og desserter,3 l,Fin Vaffelrøre,"kr 199,00",Dessert,"kr 66,33 per l"
Is og desserter,150 g,TINE Rislunsj Pasjonsfrukt,"kr 13,80",Dessert,"kr 92,00 per kg"
Is og desserter,2 stk,Moccapudding,"kr 52,80",Dessert,"kr 155,29 per kg"
Is og desserter,574 g,Bringebær og Pistasj Pavlova,"kr 149,00",Dessert,"kr 259,58 per kg"
Clas Ohlson-butikken,"Mekanisk til kjøkken, 1 stk",Timer,"kr 99,90",Kjøkken,"kr 99,90 per stk"
Clas Ohlson-butikken,1 stk,Trakt metall,"kr 59,90",Kjøkken,"kr 59,90 per stk"
Clas Ohlson-butikken,"4 liter plast, 1 stk",Vispebolle,"kr 69,90",Kjøkken,"kr 69,90 per stk"
Clas Ohlson-butikken,"4 liter, 1 stk",Vispebolle rustfritt stål,"kr 99,90",Kjøkken,"kr 99,90 per stk"
Clas Ohlson-butikken,1 stk,Komfyr og glass-skrape,"kr 89,90",Kjøkken,"kr 89,90 per stk"
Pålegg,200 g,Ripsgelé,"kr 52,20",Syltetøy,"kr 261,00 per kg"
Pålegg,400 g,Ripsgelé,"kr 51,00",Syltetøy,"kr 127,50 per kg"
Pålegg,120 g,Marmelade til Brie,"kr 61,80",Syltetøy,"kr 515,00 per kg"
Pålegg,120 g,Marmelade til Camembert,"kr 51,80",Syltetøy,"kr 431,67 per kg"
Pålegg,120 g,Marmelade til Chèvre,"kr 61,80",Syltetøy,"kr 515,00 per kg"
Pålegg,120 g,Marmelade til Fast Ost,"kr 65,90",Syltetøy,"kr 549,17 per kg"
Pålegg,120 g,Marmelade til Manchego,"kr 51,90",Syltetøy,"kr 432,50 per kg"
Pålegg,80 g,Fjellbris Strandaskinke,"kr 42,60",Spekemat og salami,"kr 532,50 per kg"
Pålegg,200 g,Fenalår,"kr 131,50",Spekemat og salami,"kr 657,50 per kg"
Pålegg,300 g,Fjordskinke,"kr 108,90",Spekemat og salami,"kr 363,00 per kg"
Pålegg,250 g,Spekeskinke fra Tynset,"kr 62,20",Spekemat og salami,"kr 248,80 per kg"
Pålegg,"Røkt, 1,2 kg",Spekeskinke Bit uten Ben Røkt,"kr 302,30",Spekemat og salami,"kr 251,92 per kg"
Pålegg,150 g,Mørpølse Oppskåret,"kr 24,60",Spekemat og salami,"kr 164,00 per kg"
Pålegg,120 g,Strandamør Snacks,"kr 38,40",Spekemat og salami,"kr 320,00 per kg"
Pålegg,"Skivet, 130 g",Sognemorr,"kr 35,20",Spekemat og salami,"kr 270,77 per kg"
Pålegg,130 g,Pepperoni Skivet,"kr 42,70",Spekemat og salami,"kr 328,46 per kg"
Drikkevarer,"0,5 l",Pepsi Max Lime,"kr 24,80",Brus,"kr 49,60 per l"
Drikkevarer,"0,5 l",Pepsi,"kr 25,90",Brus,"kr 51,80 per l"
Drikkevarer,"0,5 l",Solo,"kr 25,70",Brus,"kr 51,40 per l"
Drikkevarer,"0,5 l",Solo Super,"kr 24,80",Brus,"kr 49,60 per l"
Drikkevarer,"0,5 l",Solo Super Rabarbra & Bringebær,"kr 21,40",Brus,"kr 42,80 per l"
Middager og tilbehør,"Smårett i Kopp, 71 g",Pasta Carbonara,"kr 26,40",Pasta og nudler,"kr 371,83 per kg"
Middager og tilbehør,"Smårett i Kopp, 58 g",Potato Bacon & Løk,"kr 25,40",Pasta og nudler,"kr 437,93 per kg"
Middager og tilbehør,"5stk x 85g, 425 g",Nudler med Kyllingsmak,"kr 32,70",Pasta og nudler,"kr 76,94 per kg"
Middager og tilbehør,"5stk x 85g, 425 g",Nudler med Biffsmak,"kr 30,10",Pasta og nudler,"kr 70,82 per kg"
Middager og tilbehør,250 g,Fullkornsnudler,"kr 15,20",Pasta og nudler,"kr 60,80 per kg"
Barneprodukter,"6 x 150ml, 900 ml","Smoothie Jordbær, Banan & Guava","kr 76,40","Smoothie, yoghurt og mellommåltid","kr 84,89 per l"
Is og desserter,455 g,Ostekake Toffee,"kr 49,90",Dessert,"kr 109,67 per kg"
Pålegg,120 g,Marmelade til Roquefort,"kr 56,00",Syltetøy,"kr 466,67 per kg"
Pålegg,"En verden av oster, 85 g",Solbærsyltetøy,"kr 27,60",Syltetøy,"kr 324,71 per kg"
Pålegg,"Økologisk, 360 g",Eplemos,"kr 23,50",Syltetøy,"kr 65,28 per kg"
Pålegg,"Økologisk, 250 g",Aprikosmarmelade,"kr 44,40",Syltetøy,"kr 177,60 per kg"
Pålegg,"Økologisk, 260 g",Appelsinmarmelade,"kr 48,70",Syltetøy,"kr 187,31 per kg"
Pålegg,"Økologisk, 250 g",Villblåbærmarmelade,"kr 44,40",Syltetøy,"kr 177,60 per kg"
Pålegg,100 g,Pepperoni,"kr 32,80",Spekemat og salami,"kr 328,00 per kg"
Pålegg,100 g,Chorizo,"kr 32,80",Spekemat og salami,"kr 328,00 per kg"
Pålegg,60 g,Chorizo Extra Spekepølse,"kr 20,80",Spekemat og salami,"kr 346,67 per kg"
Pålegg,60 g,Spansk Salami Spekepølse,"kr 20,00",Spekemat og salami,"kr 333,33 per kg"
Pålegg,225 g,Chorizo Sarta,"kr 54,30",Spekemat og salami,"kr 241,33 per kg"
Pålegg,80 g,Serrano Gran Reserva,"kr 39,00",Spekemat og salami,"kr 487,50 per kg"
Pålegg,135 g,Strandaskinke,"kr 59,30",Spekemat og salami,"kr 439,26 per kg"
Pålegg,100 g,Fenalår,"kr 54,00",Spekemat og salami,"kr 540,00 per kg"
Pålegg,300 g,Fenalår Brett,"kr 174,90",Spekemat og salami,"kr 583,00 per kg"
Middager og tilbehør,250 g,Eggnudler,"kr 12,30",Pasta og nudler,"kr 49,20 per kg"
Middager og tilbehør,180 g,Rice Noodles,"kr 31,40",Pasta og nudler,"kr 174,44 per kg"
Middager og tilbehør,200 g,Eggnudler,"kr 23,40",Pasta og nudler,"kr 117,00 per kg"
Middager og tilbehør,100 g,Glassnudler,"kr 29,80",Pasta og nudler,"kr 298,00 per kg"
Middager og tilbehør,"Økologisk, 250 g",Eggnudler,"kr 64,80",Pasta og nudler,"kr 259,20 per kg"
Middager og tilbehør,100 g,Glass Noodles,"kr 32,70",Pasta og nudler,"kr 327,00 per kg"
Middager og tilbehør,"Økologisk, 200 g",Hvetenudler Fullkorn,"kr 48,70",Pasta og nudler,"kr 243,50 per kg"
Middager og tilbehør,250 g,Go-Tan Risnudler Miehoen,"kr 51,80",Pasta og nudler,"kr 207,20 per kg"
Middager og tilbehør,300 g,Spagetti Fersk,"kr 15,00",Pasta og nudler,"kr 50,00 per kg"
Middager og tilbehør,500 g,Spaghetti,"kr 10,70",Pasta og nudler,"kr 21,40 per kg"
Barneprodukter,"6 x 150ml, 900 ml",Smoothie Mango & Appelsin,"kr 76,40","Smoothie, yoghurt og mellommåltid","kr 84,89 per l"
Barneprodukter,"6 x 150ml, 900 ml",Smoothie Fersken & Pasjonsfrukt,"kr 74,00","Smoothie, yoghurt og mellommåltid","kr 82,22 per l"
Barneprodukter,"8x125g, 1 kg",Yoplait Safari Apeyoghurt,"kr 31,80","Smoothie, yoghurt og mellommåltid","kr 31,80 per kg"
Barneprodukter,"0,25 l",Solrik Appelsin Lett,"kr 13,80","Smoothie, yoghurt og mellommåltid","kr 55,20 per l"
Barneprodukter,"Lett, 0,25 l",Solrik Jordbær & Appelsin,"kr 13,80","Smoothie, yoghurt og mellommåltid","kr 55,20 per l"
Barneprodukter,"6 x 42g, 252 g",Rosiner,"kr 26,40","Smoothie, yoghurt og mellommåltid","kr 104,76 per kg"
Barneprodukter,"6 x 37,7g, 226,2 g",Rosiner Sour Watermelon,"kr 38,60","Smoothie, yoghurt og mellommåltid","kr 170,65 per kg"
Barneprodukter,"6 x 37,7g, 226,2 g",Rosiner Sour Strawberry,"kr 38,60","Smoothie, yoghurt og mellommåltid","kr 170,65 per kg"
Pålegg,600 g,Bringebærsyltetøy Original,"kr 39,90",Syltetøy,"kr 66,50 per kg"
Pålegg,"Skælskør, 260 g",Økologisk Appelsinmarmelade,"kr 32,80",Syltetøy,"kr 126,15 per kg"
Pålegg,375 g,Moltesyltetøy,"kr 49,90",Syltetøy,"kr 133,07 per kg"
Pålegg,200 g,Jordbærsyltetøy,"kr 37,30",Syltetøy,"kr 186,50 per kg"
Pålegg,200 g,Bringebærsyltetøy Gourmet,"kr 40,70",Syltetøy,"kr 203,50 per kg"
Pålegg,200 g,Bringebærsyltetøy,"kr 37,30",Syltetøy,"kr 186,50 per kg"
Pålegg,150 g,Haugpølse Skivet,"kr 54,00",Spekemat og salami,"kr 360,00 per kg"
Pålegg,100 g,Svartpølse,"kr 34,30",Spekemat og salami,"kr 343,00 per kg"
Pålegg,150 g,Dansk Salami,"kr 16,50",Spekemat og salami,"kr 110,00 per kg"
Pålegg,100 g,Vellagra Coppaskinke,"kr 59,80",Spekemat og salami,"kr 598,00 per kg"
Pålegg,225 g,Salchichon Spekepølse,"kr 65,60",Spekemat og salami,"kr 291,56 per kg"
Pålegg,175 g,Fuet Spekepølse,"kr 59,40",Spekemat og salami,"kr 339,43 per kg"
Pålegg,"Stablepakke, 250 g",Salami,"kr 41,90",Spekemat og salami,"kr 167,60 per kg"
Middager og tilbehør,500 g,Couscous,"kr 34,80",Pasta og nudler,"kr 69,60 per kg"
Middager og tilbehør,"Håndlaget, 300 g",Fersk Pappardelle,"kr 69,90",Pasta og nudler,"kr 233,00 per kg"
Middager og tilbehør,"Håndlaget, 300 g",Fersk Spaghetti Alla Chitarra,"kr 69,90",Pasta og nudler,"kr 233,00 per kg"
Middager og tilbehør,"Håndlaget, 300 g",Fersk Tagliatelle,"kr 69,90",Pasta og nudler,"kr 233,00 per kg"
Middager og tilbehør,"Håndlaget, 300 g",Fersk Tagliolini,"kr 69,90",Pasta og nudler,"kr 233,00 per kg"
Middager og tilbehør,"Håndlaget, 300 g",Fersk Trottolepasta,"kr 69,90",Pasta og nudler,"kr 233,00 per kg"
Pålegg,200 g,Appelsinmarmelade Gourmet med Aquavit,"kr 37,30",Syltetøy,"kr 186,50 per kg"
Pålegg,200 g,Stikkelsbærsyltetøy,"kr 37,30",Syltetøy,"kr 186,50 per kg"
Pålegg,150 g,Spekeskinke Smårett,"kr 17,70",Spekemat og salami,"kr 118,00 per kg"
Pålegg,80 g,Chorizo Topping,"kr 20,00",Spekemat og salami,"kr 250,00 per kg"
Pålegg,"Taste Lab, 80 g",Pepperoni Topping,"kr 20,00",Spekemat og salami,"kr 250,00 per kg"
Pålegg,220 g,Hel Rødvinsnabb,"kr 69,80",Spekemat og salami,"kr 317,27 per kg"
Pålegg,"0,22 kg",Chorizo Hel 220g,"kr 68,80",Spekemat og salami,"kr 312,73 per kg"
Pålegg,220 g,Reinsdyrsnabb Hel,"kr 82,40",Spekemat og salami,"kr 374,55 per kg"
Pålegg,60 g,Fenalår Fra Tynset Skivet,"kr 41,20",Spekemat og salami,"kr 686,67 per kg"
Pålegg,40 g,Pepper Snack,"kr 23,90",Spekemat og salami,"kr 597,50 per kg"
Pålegg,40 g,Chili Snack,"kr 23,90",Spekemat og salami,"kr 597,50 per kg"
Pålegg,60 g,Salami Med Fennikel,"kr 39,00",Spekemat og salami,"kr 650,00 per kg"
Pålegg,60 g,Salami Toscana Speket,"kr 39,00",Spekemat og salami,"kr 650,00 per kg"
Pålegg,"Skivet, 130 g",Chorizo,"kr 38,10",Spekemat og salami,"kr 293,08 per kg"
Pålegg,225 g,Chorizo Extra,"kr 75,60",Spekemat og salami,"kr 336,00 per kg"
Pålegg,140 g,Helgeroasalami,"kr 39,80",Spekemat og salami,"kr 284,29 per kg"
Pålegg,"Hel, 380 g",Helgeroa Salami,"kr 95,30",Spekemat og salami,"kr 250,79 per kg"
Pålegg,70 g,Peppes Pepperoni,"kr 21,60",Spekemat og salami,"kr 308,57 per kg"
Pålegg,100 g,Rødvinsalami,"kr 43,80",Spekemat og salami,"kr 438,00 per kg"
Pålegg,"Oppskåret, 500 g",Salami,"kr 107,10",Spekemat og salami,"kr 214,20 per kg"
Drikkevarer,1 l,Eplejuice 100%,"kr 63,40",Juice,"kr 63,40 per l"
Pålegg,70 g,Salami Ventricina Picante,"kr 59,20",Spekemat og salami,"kr 845,71 per kg"
Drikkevarer,1 l,Rå Pressede Appelsiner,"kr 47,10",Juice,"kr 47,10 per l"
Drikkevarer,1 l,Rå Kaldpresset Eplejuice,"kr 45,60",Juice,"kr 45,60 per l"
Drikkevarer,"Bag in Box, 3 l",Kaldpresset Eplejuice,"kr 134,90",Juice,"kr 44,97 per l"
Drikkevarer,"1,5 l",Appelsinjuice Med Fruktkjøtt Original,"kr 54,20",Juice,"kr 36,13 per l"
Drikkevarer,"1,5 l",Smooth Style Appelsinjuice,"kr 54,90",Juice,"kr 36,60 per l"
Drikkevarer,"0,75 l",Eplemost Discovery/Aroma,"kr 65,80",Juice,"kr 87,73 per l"
Drikkevarer,"0,75 l",Eplegløgg,"kr 99,00",Juice,"kr 132,00 per l"
Drikkevarer,"Pink Lady, 0,93 l",Eplejuice Presset,"kr 40,80",Juice,"kr 43,87 per l"
Drikkevarer,"Økologisk, 1 l",Appelsinjuice Rød Appelsin,"kr 29,00",Juice,"kr 29,00 per l"
Drikkevarer,1 l,Eple og Ingefærjuice,"kr 31,70",Juice,"kr 31,70 per l"
"Shampo, såpe og hudpleie",1 stk,Excellence 1 Sort,"kr 200,40",Hårfarge,"kr 200,40 per stk"
Drikkevarer,1 l,Eplejuice Cloudy,"kr 20,80",Juice,"kr 20,80 per l"
Drikkevarer,"Fra Hardanger, 1 l",Presset Eplejuice,"kr 37,80",Juice,"kr 37,80 per l"
Drikkevarer,1 l,Juice Med Granateple & Drue,"kr 23,90",Juice,"kr 23,90 per l"
Drikkevarer,1 l,"Juice Drue, Eple & Blåbær","kr 28,30",Juice,"kr 28,30 per l"
Drikkevarer,"1,5 l",Appelsinjuice Premium,"kr 39,80",Juice,"kr 26,53 per l"
Drikkevarer,"1,5 l",Appelsinjuice Med Fruktkjøtt Premium,"kr 39,80",Juice,"kr 26,53 per l"
Drikkevarer,"1,5 l",Appelsinjuice,"kr 23,80",Juice,"kr 15,87 per l"
Drikkevarer,"1,5 l",Eplejuice Premium,"kr 39,70",Juice,"kr 26,47 per l"
Drikkevarer,"1,5 l",Eplejuice,"kr 23,80",Juice,"kr 15,87 per l"
Drikkevarer,"1,5 l",Frokostjuice,"kr 22,80",Juice,"kr 15,20 per l"
"Shampo, såpe og hudpleie",1 stk,Excellence 3 Mørkebrun,"kr 158,90",Hårfarge,"kr 158,90 per stk"
"Shampo, såpe og hudpleie",1 stk,Excellence 4 Brun,"kr 164,90",Hårfarge,"kr 164,90 per stk"
"Shampo, såpe og hudpleie",1 stk,Excellence 5 Lysebrun,"kr 158,90",Hårfarge,"kr 158,90 per stk"
"Shampo, såpe og hudpleie",1 stk,"Excellence 5,3 Lys Gyldenbrun","kr 158,90",Hårfarge,"kr 158,90 per stk"
"Shampo, såpe og hudpleie",1 stk,Excellence 6 Mørkeblond,"kr 158,90",Hårfarge,"kr 158,90 per stk"
"Shampo, såpe og hudpleie",1 stk,Excellence 7 Blond,"kr 164,90",Hårfarge,"kr 164,90 per stk"
"Shampo, såpe og hudpleie",1 stk,Excellence 8 Lysblond,"kr 163,90",Hårfarge,"kr 163,90 per stk"
"Shampo, såpe og hudpleie",1 stk,"Excellence 8,1 Lys Askeblond","kr 200,40",Hårfarge,"kr 200,40 per stk"
"Shampo, såpe og hudpleie",1 stk,Excellence 9 Meget Lys Blond,"kr 200,40",Hårfarge,"kr 200,40 per stk"
"Shampo, såpe og hudpleie",1 stk,Nutrisse Sort 1,"kr 105,90",Hårfarge,"kr 105,90 per stk"
Drikkevarer,"1,5 l",Tropisk Juice,"kr 24,90",Juice,"kr 16,60 per l"
Drikkevarer,"1,75 l",Original Eplejuice,"kr 35,20",Juice,"kr 20,11 per l"
Drikkevarer,1 l,Orginal Eplejuice,"kr 22,80",Juice,"kr 22,80 per l"
Drikkevarer,250 ml,Sunniva Original Eplejuice,"kr 18,10",Juice,"kr 72,40 per l"
Drikkevarer,"1,75 l",Original Appelsinjuice,"kr 40,70",Juice,"kr 23,26 per l"
Drikkevarer,1 l,Appelsinjuice,"kr 22,80",Juice,"kr 22,80 per l"
Drikkevarer,"Med Fruktkjøtt, 1,75 l",Original Appelsinjuice,"kr 41,50",Juice,"kr 23,71 per l"
"Shampo, såpe og hudpleie",1 stk,Nutrisse Mørkebrun 3,"kr 105,90",Hårfarge,"kr 105,90 per stk"
"Shampo, såpe og hudpleie",1 stk,Nutrisse Brun 4,"kr 105,90",Hårfarge,"kr 105,90 per stk"
"Shampo, såpe og hudpleie",1 stk,"Nutrisse Gyldenbrun 4,3","kr 105,90",Hårfarge,"kr 105,90 per stk"
"Shampo, såpe og hudpleie",1 stk,Nutrisse Lysebrun 5,"kr 105,90",Hårfarge,"kr 105,90 per stk"
"Shampo, såpe og hudpleie",1 stk,Nutrisse Mørkeblond 6,"kr 105,90",Hårfarge,"kr 105,90 per stk"
"Shampo, såpe og hudpleie",1 stk,Nutrisse Blond 7,"kr 105,90",Hårfarge,"kr 105,90 per stk"
Drikkevarer,"Med Fruktkjøtt, 1 l",Sunniva Original Appelsinjuice,"kr 23,80",Juice,"kr 23,80 per l"
Drikkevarer,"Med fruktkjøtt, 1 l",Premium Appelsinjuice,"kr 24,80",Juice,"kr 24,80 per l"
Drikkevarer,250 ml,Sunniva Original Appelsinjuice,"kr 19,10",Juice,"kr 76,40 per l"
Drikkevarer,"1,75 l",Sunniva Original Tropisk,"kr 45,40",Juice,"kr 25,94 per l"
Drikkevarer,"Sydtyrol-epler, 1 l",Eplejuice Premium,"kr 32,40",Juice,"kr 32,40 per l"
Drikkevarer,1 l,Presset Grapefrukt & Appelsinjuice Premium,"kr 37,40",Juice,"kr 37,40 per l"
Drikkevarer,1 l,Premium Mango Eple Juice,"kr 32,80",Juice,"kr 32,80 per l"
Drikkevarer,"32% Grønnsaker, 1 l","Supri med Eple, Gulrot, Bringebær & Sitron","kr 36,80",Juice,"kr 36,80 per l"
Drikkevarer,"1,5 l",Eplejuice,"kr 40,70",Juice,"kr 27,13 per l"
Drikkevarer,"1,5 l",Light Eplenektar,"kr 39,90",Juice,"kr 26,60 per l"
Drikkevarer,"Økologisk, 0,75 l",Ananasjuice,"kr 80,00",Juice,"kr 106,67 per l"
Drikkevarer,"0,75 l",Rødbetejuice,"kr 50,20",Juice,"kr 66,93 per l"
Drikkevarer,"0,75 l",Helios Gulrotjuice m+,"kr 54,60",Juice,"kr 72,80 per l"
Drikkevarer,"Økologisk, 0,75 l",Grapefruktjuice,"kr 73,90",Juice,"kr 98,53 per l"
Drikkevarer,"Økologisk, 0,75 l",Grønnsaksjuice M+,"kr 61,90",Juice,"kr 82,53 per l"
Drikkevarer,"Juice, 750 ml","Ananas, Pasjonsfrukt og Rooibos","kr 41,50",Juice,"kr 55,33 per l"
Drikkevarer,"Juice, 750 ml","Eple, Kiwi og Hvit Guava","kr 41,50",Juice,"kr 55,33 per l"
Drikkevarer,"0,25 l",Økologisk Eplemost,"kr 39,90",Juice,"kr 159,60 per l"
Drikkevarer,3 l,Økologisk Eplemost,"kr 179,00",Juice,"kr 59,67 per l"
Drikkevarer,"Tranebærjuice, 1 l",Montauk Cranberry,"kr 48,80",Juice,"kr 48,80 per l"
Drikkevarer,1 l,Tranebærjuice Light,"kr 58,40",Juice,"kr 58,40 per l"
Drikkevarer,1 l,Tranebærjuice,"kr 58,40",Juice,"kr 58,40 per l"
Drikkevarer,1 l,Eplejuice Prima,"kr 12,80",Juice,"kr 12,80 per l"
Drikkevarer,1 l,Appelsinjuice,"kr 11,40",Juice,"kr 11,40 per l"
Drikkevarer,"Av Discovery epler, 250 ml",Økologisk Eplemost,"kr 34,90",Juice,"kr 139,60 per l"
Drikkevarer,"0,75 l",Krydret Tomatjuice,"kr 74,90",Juice,"kr 99,87 per l"
"Shampo, såpe og hudpleie","Uten Parfyme, 250 ml",Dusjgele,"kr 37,80",Dusjsåpe,"kr 151,20 per l"
"Shampo, såpe og hudpleie",750 ml,Showergel,"kr 47,40",Dusjsåpe,"kr 63,20 per l"
"Shampo, såpe og hudpleie",250 ml,Mild Dusjgelé,"kr 44,80",Dusjsåpe,"kr 179,20 per l"
"Shampo, såpe og hudpleie","Aloe Vera & Kamille, 200 ml",Sensitiv Dusjgele,"kr 56,10",Dusjsåpe,"kr 280,50 per l"
"Shampo, såpe og hudpleie",250 ml,Aloe Vera Dusjgelé,"kr 61,40",Dusjsåpe,"kr 245,60 per l"
"Shampo, såpe og hudpleie",200 ml,Dusjsåpe,"kr 49,80",Dusjsåpe,"kr 249,00 per l"
"Shampo, såpe og hudpleie",400 ml,Sensitive Intimvask,"kr 71,10",Dusjsåpe,"kr 177,75 per l"
"Shampo, såpe og hudpleie",200 ml,Sensitiv Intimvask,"kr 44,80",Dusjsåpe,"kr 224,00 per l"
"Shampo, såpe og hudpleie",500 ml,Asan Intimsåpe,"kr 58,30",Dusjsåpe,"kr 116,60 per l"
"Shampo, såpe og hudpleie",220 ml,Intimvask Tranebær,"kr 42,20",Dusjsåpe,"kr 191,82 per l"
"Shampo, såpe og hudpleie",200 ml,Libresse V-care Intimvask,"kr 37,80",Dusjsåpe,"kr 189,00 per l"
"Shampo, såpe og hudpleie",200 ml,Coconut Care Shower Cream,"kr 24,80",Dusjsåpe,"kr 124,00 per l"
"Shampo, såpe og hudpleie",200 ml,Bright Blossom Shower Cream 200ml,"kr 25,80",Dusjsåpe,"kr 129,00 per l"
"Shampo, såpe og hudpleie","Assortert Variant, 250 ml",Dusjsåpe,"kr 24,50",Dusjsåpe,"kr 98,00 per l"
"Shampo, såpe og hudpleie","Assortert Variant, 250 ml",Shower Gel Fresh Mix,"kr 30,80",Dusjsåpe,"kr 123,20 per l"
"Shampo, såpe og hudpleie","Assortert variant, 250 ml",Shower Moisture Mix,"kr 43,10",Dusjsåpe,"kr 172,40 per l"
"Shampo, såpe og hudpleie",250 ml,Dove Cream Wash,"kr 40,70",Dusjsåpe,"kr 162,80 per l"
"Shampo, såpe og hudpleie",450 ml,Nourishing Shower Gel,"kr 41,50",Dusjsåpe,"kr 92,22 per l"
"Shampo, såpe og hudpleie",450 ml,Fresh Touch Shower Gel,"kr 41,50",Dusjsåpe,"kr 92,22 per l"
"Shampo, såpe og hudpleie",450 ml,Pomegranate Shower Gel,"kr 41,50",Dusjsåpe,"kr 92,22 per l"
"Shampo, såpe og hudpleie",200 ml,Showergel,"kr 33,90",Dusjsåpe,"kr 169,50 per l"
"Shampo, såpe og hudpleie",250 ml,Lano Parfymefri Dusjsåpe,"kr 33,40",Dusjsåpe,"kr 133,60 per l"
"Shampo, såpe og hudpleie",250 ml,Lano Dusjsåpe,"kr 30,40",Dusjsåpe,"kr 121,60 per l"
"Shampo, såpe og hudpleie","Refill, 250 ml",Lano Dusjsåpe,"kr 26,60",Dusjsåpe,"kr 106,40 per l"
"Shampo, såpe og hudpleie",500 ml,Radical Refresher Shower Gel,"kr 58,90",Dusjsåpe,"kr 117,80 per l"
"Shampo, såpe og hudpleie",500 ml,Dusjkrem,"kr 18,70",Dusjsåpe,"kr 37,40 per l"
"Shampo, såpe og hudpleie",220 ml,Trippeldusj,"kr 24,80",Dusjsåpe,"kr 112,73 per l"
"Shampo, såpe og hudpleie",300 ml,Men Expert Total Clean Shower,"kr 37,40",Dusjsåpe,"kr 124,67 per l"
"Shampo, såpe og hudpleie",250 ml,Dobbeldusj Sport,"kr 17,90",Dusjsåpe,"kr 71,60 per l"
"Shampo, såpe og hudpleie",75 ml,Dusjsåpe Lyko Vegan,"kr 29,90",Dusjsåpe,"kr 398,67 per l"
Hus og hjem,"LR06, 10 stk",Co-batteri AA,"kr 39,90",Batterier,"kr 3,99 per stk"
Hus og hjem,16 stk,Batteri AA12 Plus Power,"kr 118,10",Batterier,"kr 7,38 per stk"
Hus og hjem,"AA, 4 stk",Batterier Ultra Power,"kr 59,70",Batterier,"kr 14,93 per stk"
Hus og hjem,"AA, 4 stk",Batterier Plus Power,"kr 47,90",Batterier,"kr 11,98 per stk"
Hus og hjem,10 stk,Batterier AA,"kr 31,10",Batterier,"kr 3,11 per stk"
Hus og hjem,"LR03, 10 stk",Co-batteri AAA,"kr 39,90",Batterier,"kr 3,99 per stk"
Hus og hjem,16 stk,Batteri AAA Plus Power,"kr 97,20",Batterier,"kr 6,08 per stk"
Hus og hjem,4 stk,Batteri AAA Plus Power,"kr 60,50",Batterier,"kr 15,13 per stk"
Hus og hjem,"Alkaliske, 10 stk",Batterier AAA,"kr 24,40",Batterier,"kr 2,44 per stk"
Hus og hjem,1 stk,Co-batteri 9v,"kr 29,90",Batterier,"kr 29,90 per stk"
Hus og hjem,1 stk,Batteri 9V Plus Power,"kr 42,80",Batterier,"kr 42,80 per stk"
Hus og hjem,"9V, 1 stk",Duracell Batteri Ultra Power,"kr 59,50",Batterier,"kr 59,50 per stk"
Hus og hjem,"Alkaliske, 1 stk",Batteri 9V,"kr 25,50",Batterier,"kr 25,50 per stk"
Hus og hjem,2 stk,Co-batteri C/LR14,"kr 29,90",Batterier,"kr 14,95 per stk"
Hus og hjem,2 stk,Batteri C Plus Power,"kr 46,30",Batterier,"kr 23,15 per stk"
Hus og hjem,2 stk,Co-batteri D/LR20,"kr 29,90",Batterier,"kr 14,95 per stk"
Hus og hjem,2 stk,Batteri D Plus Power,"kr 46,30",Batterier,"kr 23,15 per stk"
Hus og hjem,"Alkaliske, 2 stk","Batterier DLR 20 1,5V","kr 26,00",Batterier,"kr 13,00 per stk"
Hus og hjem,5 stk,Lithiumbatteri Cr2032,"kr 89,90",Batterier,"kr 17,98 per stk"
Hus og hjem,2 stk,Batteri 2032 3V Lithium,"kr 42,80",Batterier,"kr 21,40 per stk"
Hus og hjem,5 stk,Lithiumbatteri Cr2025,"kr 89,90",Batterier,"kr 17,98 per stk"
Hus og hjem,2 stk,Batteri 2025 3V Lithium,"kr 48,90",Batterier,"kr 24,45 per stk"
Hus og hjem,2 stk,Batteri 2016 3V Lithium,"kr 47,30",Batterier,"kr 23,65 per stk"
Hus og hjem,2 stk,"Batteri LR44 1,5V","kr 51,20",Batterier,"kr 25,60 per stk"
Hus og hjem,6 stk,Høreapparatbatteri 13,"kr 59,90",Batterier,"kr 9,98 per stk"
Hus og hjem,6 stk,Høreapparatbatteri 312,"kr 59,90",Batterier,"kr 9,98 per stk"
Hus og hjem,2 stk,Batteri MN21 A23,"kr 49,10",Batterier,"kr 24,55 per stk"
Hus og hjem,1 l,Tennvæske Blåtind,"kr 27,20",Diverse husholdning,"kr 27,20 per l"
Brød og frokostblandinger,550 g,Pizzabunn Familie,"kr 20,00",Deiger og bunner,"kr 36,36 per kg"
Hus og hjem,2 kg,Grillbriketter,"kr 27,60",Diverse husholdning,"kr 13,80 per kg"
Hus og hjem,5 kg,Strøsalt,"kr 62,60",Diverse husholdning,"kr 12,52 per kg"
Hus og hjem,3 l,Spylervæske Selaclean,"kr 41,50",Diverse husholdning,"kr 13,83 per l"
Hus og hjem,1 stk,Lighter Flint,"kr 16,80",Diverse husholdning,"kr 16,80 per stk"
Hus og hjem,1 stk,Peislighter,"kr 24,10",Diverse husholdning,"kr 24,10 per stk"
Hus og hjem,8 stk,Fyrstikker,"kr 14,20",Diverse husholdning,"kr 1,78 per stk"
Hus og hjem,4 stk,Peiskubbe,"kr 79,20",Diverse husholdning,"kr 19,80 per stk"
Brød og frokostblandinger,250 g,Fersk Paideig,"kr 33,20",Deiger og bunner,"kr 132,80 per kg"
Brød og frokostblandinger,260 g,Glutenfri Bunn,"kr 51,80",Deiger og bunner,"kr 199,23 per kg"
Brød og frokostblandinger,550 g,Peppes Originale Pizzabunn,"kr 40,30",Deiger og bunner,"kr 73,27 per kg"
Brød og frokostblandinger,350 g,Glutenfri Pizzabunn Lettstekt,"kr 43,10",Deiger og bunner,"kr 123,14 per kg"
Brød og frokostblandinger,300 g,Pizzabunn Glutenfri,"kr 47,40",Deiger og bunner,"kr 158,00 per kg"
"Shampo, såpe og hudpleie","Argan Oil, 250 ml",Shampo,"kr 69,80",Shampo og hårprodukter,"kr 279,20 per l"
Mathall,"0,75 l",Eplemost Discovery/Aroma,"kr 65,80",Drikke,"kr 87,73 per l"
Mathall,"Str L, 9 stk",Store Egg Fra Frittgående Høner,"kr 41,50",Meieri og egg,"kr 67,81 per kg"
Hus og hjem,100 stk,Opptenningsbriketter,"kr 47,60",Diverse husholdning,"kr 0,48 per stk"
Hus og hjem,20 stk,Små Opptenningsfyrstikker,"kr 23,80",Diverse husholdning,"kr 1,19 per stk"
Hus og hjem,"Assortert farge, 1 stk",Lighter GS-1,"kr 16,80",Diverse husholdning,"kr 16,80 per stk"
Hus og hjem,"Ekstra Lange, 48 stk",Fyrstikker XL,"kr 15,40",Diverse husholdning,"kr 0,32 per stk"
Hus og hjem,20 stk,Bjørkepinner til Pinnekjøtt,"kr 34,00",Diverse husholdning,"kr 1,70 per stk"
Hus og hjem,"Størrelse 4, 200 stk",Kaffefilter Bleket,"kr 23,10",Diverse husholdning,"kr 0,12 per stk"
Hus og hjem,"90mm, 250 stk",Kaffefilter,"kr 60,30",Diverse husholdning,"kr 0,24 per stk"
Mathall,"Uvasket, Solist/ Folva/ Fakse, 1 kg",Norske Nypoteter,"kr 32,90",Norske frukt og grønnsaker,"kr 32,90 per kg"
"Shampo, såpe og hudpleie",250 ml,Passion Punch Shampoo,"kr 26,80",Shampo og hårprodukter,"kr 107,20 per l"
"Shampo, såpe og hudpleie",250 ml,Passion Punch Balsam 250ml,"kr 26,80",Shampo og hårprodukter,"kr 107,20 per l"
"Shampo, såpe og hudpleie",250 ml,Minerals Coconut Shampo,"kr 26,80",Shampo og hårprodukter,"kr 107,20 per l"
"Shampo, såpe og hudpleie",250 ml,Minerals Coconut Balsam,"kr 26,80",Shampo og hårprodukter,"kr 107,20 per l"
"Shampo, såpe og hudpleie",250 ml,Shampo Bright Blossom,"kr 26,80",Shampo og hårprodukter,"kr 107,20 per l"
"Shampo, såpe og hudpleie",250 ml,Balsam Bright Blossom,"kr 26,80",Shampo og hårprodukter,"kr 107,20 per l"
"Shampo, såpe og hudpleie","ElVital, 300 ml",Color Vive Shampo,"kr 29,80",Shampo og hårprodukter,"kr 99,33 per l"
"Shampo, såpe og hudpleie","ElVital, 250 ml",Color Vive Balsam,"kr 29,80",Shampo og hårprodukter,"kr 119,20 per l"
Mathall,"Pizzamel, 1 kg",Nuvola Tipo 0,"kr 39,90",Mel og gryn,"kr 39,90 per kg"
Mathall,"0,75 l",Eplegløgg,"kr 99,00",Drikke,"kr 132,00 per l"
Mathall,330 ml,Vannkefir Bringebær og Vanilje,"kr 49,00",Drikke,"kr 148,48 per l"
Mathall,330 ml,Vannkefir Sitron og Ingefær,"kr 49,00",Drikke,"kr 148,48 per l"
Mathall,3 l,Økologisk Eplemost,"kr 179,00",Drikke,"kr 59,67 per l"
Mathall,"Av Discovery epler, 250 ml",Økologisk Eplemost,"kr 34,90",Drikke,"kr 139,60 per l"
Mathall,"0,25 l",Økologisk Eplemost,"kr 39,90",Drikke,"kr 159,60 per l"
Hus og hjem,2 stk,Lokk til Stor Makrellboks & Stor Leverpostei,"kr 34,90",Kjøkkenredskap,"kr 17,45 per stk"
Mathall,240 g,Økologisk Cottage Cheese,"kr 37,40",Meieri og egg,"kr 155,83 per kg"
Mathall,3 dl,Økologisk Kremfløte,"kr 29,80",Meieri og egg,"kr 99,33 per l"
Mathall,"10 %, 250 g",Økologisk Lettrømme,"kr 23,80",Meieri og egg,"kr 95,20 per kg"
Mathall,"Økologisk, 250 g",Røros Rømme,"kr 38,40",Meieri og egg,"kr 153,60 per kg"
Mathall,"Økologisk, 250 g",Røros Smør,"kr 48,80",Meieri og egg,"kr 195,20 per kg"
Mathall,"Med Tyttebær, 450 g",Økologisk Yoghurt,"kr 39,50",Meieri og egg,"kr 87,78 per kg"
Mathall,450 g,Økologisk  Røros Yoghurt,"kr 31,80",Meieri og egg,"kr 70,67 per kg"
Hus og hjem,1 stk,Rensemiddel til kaffetrakter,"kr 43,90",Diverse husholdning,"kr 43,90 per stk"
Hus og hjem,1 l,Lampeolje Eksklusiv,"kr 53,10",Diverse husholdning,"kr 53,10 per l"
Hus og hjem,"Tilfeldig Farge, 10 liter, 1 stk",Plastbøtte,"kr 19,10",Diverse husholdning,"kr 19,10 per stk"
Hus og hjem,100 stk,Grillpinner i Bambus,"kr 13,10",Diverse husholdning,"kr 0,13 per stk"
Mathall,"Norge, 200 g","Tomater, Piccolo","kr 47,10",Norske frukt og grønnsaker,"kr 235,50 per kg"
Mathall,"Norge, 400 g","Cherrytomater, klase","kr 72,30",Norske frukt og grønnsaker,"kr 180,75 per kg"
Mathall,"Norsk, 1 stk",Stor Agurk,"kr 27,40",Norske frukt og grønnsaker,"kr 27,40 per stk"
Mathall,"Norge, 130 g",Reddik,"kr 25,90",Norske frukt og grønnsaker,"kr 199,23 per kg"
Mathall,"Uvasket Norge/ Sverige, 100 g",Babyspinat,"kr 26,50",Norske frukt og grønnsaker,"kr 265,00 per kg"
Mathall,1 stk,Fransk Surdeigsbrød,"kr 49,90",Brød og bakevarer,"kr 71,29 per kg"
"Shampo, såpe og hudpleie","ElVital, 250 ml",Anti-Breakage Shampoo,"kr 29,80",Shampo og hårprodukter,"kr 119,20 per l"
"Shampo, såpe og hudpleie","ElVital, 200 ml",Anti-Breakage Balsam,"kr 29,80",Shampo og hårprodukter,"kr 149,00 per l"
"Shampo, såpe og hudpleie",250 ml,Dream Length Shampo,"kr 29,80",Shampo og hårprodukter,"kr 119,20 per l"
"Shampo, såpe og hudpleie",200 ml,Dream Length Balsam,"kr 29,80",Shampo og hårprodukter,"kr 149,00 per l"
"Shampo, såpe og hudpleie","ElVital, 250 ml",Extra Fine Coconut Oil Shampo,"kr 29,80",Shampo og hårprodukter,"kr 119,20 per l"
"Shampo, såpe og hudpleie","ElVital, 200 ml",Extra Fine Coconut Oil Balsam,"kr 29,80",Shampo og hårprodukter,"kr 149,00 per l"
Mathall,1 kg,Caputo Pizzamel Manitoba,"kr 32,90",Mel og gryn,"kr 32,90 per kg"
Mathall,1 kg,Pizzamel tipo-00,"kr 32,90",Mel og gryn,"kr 32,90 per kg"
Mathall,1 kg,Økologisk Emmer Grovmalt,"kr 59,90",Mel og gryn,"kr 59,90 per kg"
Mathall,1 kg,Økologisk Emmermel Siktet,"kr 59,90",Mel og gryn,"kr 59,90 per kg"
Mathall,"Steinmalt, 1 kg",Økologisk Enkorn Fin Sammalt,"kr 64,90",Mel og gryn,"kr 64,90 per kg"
Mathall,"Håndlaget, 300 g",Fersk Pappardelle,"kr 69,90","Middagstilbehør, pasta og saus","kr 233,00 per kg"
"Shampo, såpe og hudpleie","Uten Parfyme, 250 ml",Neutral Kids Shampo,"kr 43,80",Barnesåpe og babyolje,"kr 175,20 per l"
"Shampo, såpe og hudpleie",200 ml,Sun Protection Milk SPF 15,"kr 123,80",Solkrem og selvbruning,"kr 619,00 per l"
"Shampo, såpe og hudpleie",40 g,Kløver Vaseline,"kr 38,80",Leppepomade,"kr 970,00 per kg"
Mathall,250 ml,Økologisk Plommedrikk,"kr 39,90",Drikke,"kr 159,60 per l"
Mathall,250 ml,Økologisk Ripsdrikk,"kr 39,90",Drikke,"kr 159,60 per l"
Mathall,"0,25 l",Økologisk Rabarbradrikk,"kr 39,90",Drikke,"kr 159,60 per l"
Mathall,"0,25 l",Økologisk Blåbærdrikk,"kr 39,90",Drikke,"kr 159,60 per l"
Mathall,"0,25 l",Økologisk Hylleblomstdrikk,"kr 39,90",Drikke,"kr 159,60 per l"
Mathall,250 ml,Økologisk Solbærdrikk,"kr 39,90",Drikke,"kr 159,60 per l"
Mathall,250 ml,Økologisk Kirsbærdrikk,"kr 39,90",Drikke,"kr 159,60 per l"
Mathall,375 ml,Økologisk Rabarbra og Hylleblomstsaft,"kr 139,00",Drikke,"kr 370,67 per l"
Mathall,"Drikkeklar, 0,75 l",Økologisk Hylleblomstsaft,"kr 109,00",Drikke,"kr 145,33 per l"
Mathall,250 ml,Kombucha Ingefær,"kr 59,00",Drikke,"kr 236,00 per l"
Hus og hjem,"Tilfeldig Farge, 1 stk",Drikkeflaske Squezze 460ml,"kr 68,90",Kjøkkenredskap,"kr 68,90 per stk"
Hus og hjem,"Tilfeldig Farge, 1 stk",Sistema Drikkeflaske 475ml,"kr 78,90",Kjøkkenredskap,"kr 78,90 per stk"
Hus og hjem,"1.2l, Tilfeldig Farge, 1 stk",Lunch Plus,"kr 68,90",Kjøkkenredskap,"kr 68,90 per stk"
Hus og hjem,"1,4l, 1 stk",Lunch Cube To Go,"kr 78,90",Kjøkkenredskap,"kr 78,90 per stk"
Hus og hjem,1 stk,Ostehøvel,"kr 59,90",Kjøkkenredskap,"kr 59,90 per stk"
Hus og hjem,1 stk,Eggdeler Skiver og Båter,"kr 41,60",Kjøkkenredskap,"kr 41,60 per stk"
Mathall,"Med Vanilje & Honning, 470 g",Økologisk Røros Yoghurt,"kr 38,40",Meieri og egg,"kr 81,70 per kg"
Mathall,"Med Jordbær & Rabarbra, 470 g",Økologisk Røros Yoghurt,"kr 37,50",Meieri og egg,"kr 79,79 per kg"
Mathall,1 l,Økologisk skummet Rørosmjølk,"kr 23,80",Meieri og egg,"kr 23,80 per l"
Mathall,"1,2% Fett, 1 l","Rørosmjølk Lett, Økologisk","kr 19,80",Meieri og egg,"kr 19,80 per l"
Mathall,"4,0% Fett, 1 l",Rørosmjølk Hel Økologisk,"kr 21,40",Meieri og egg,"kr 21,40 per l"
Mathall,"0,7% Fett, 1 l",Rørosmjølk Økologisk,"kr 19,40",Meieri og egg,"kr 19,40 per l"
Mathall,"1,5% fett, 1 l",Økologisk Tjukkmjølk,"kr 35,80",Meieri og egg,"kr 35,80 per l"
Mathall,"Økologisk, 1 l",Syrna Blå,"kr 40,40",Meieri og egg,"kr 40,40 per l"
Hus og hjem,200 ml,Keramikkrent Rens,"kr 48,80",Diverse husholdning,"kr 244,00 per l"
Hus og hjem,250 ml,Pussemiddel,"kr 38,10",Diverse husholdning,"kr 152,40 per l"
Hus og hjem,36 stk,Klesklyper i Plast,"kr 27,80",Diverse husholdning,"kr 0,77 per stk"
Hus og hjem,1 stk,Klesrulle Mini,"kr 34,00",Diverse husholdning,"kr 34,00 per stk"
Hus og hjem,100 stk,Binders,"kr 17,60",Diverse husholdning,"kr 0,18 per stk"
Hus og hjem,20 g,Strikk,"kr 18,60",Diverse husholdning,"kr 930,00 per kg"
Hus og hjem,1 stk,Forgrener 4-veis med Bryter,"kr 86,40",Diverse husholdning,"kr 86,40 per stk"
Hus og hjem,50 ml,Kiwi Parade Gloss Black Svamp,"kr 33,10",Diverse husholdning,"kr 662,00 per l"
Hus og hjem,7 ml,Express Shine Sort Svamp,"kr 34,90",Diverse husholdning,"kr 4985,71 per l"
Hus og hjem,"Med 6 Terninger, 1 stk",Yatzy i Eske,"kr 39,10",Diverse husholdning,"kr 39,10 per stk"
Pålegg,200 g,Bjørnebærsyltetøy Gourmet,"kr 37,30",Syltetøy,"kr 186,50 per kg"
Brød og frokostblandinger,4 stk,Croissant,"kr 59,90",Fersk småbakst,"kr 166,39 per kg"
Mathall,"Beger, Norge, 1 stk",Crispisalat,"kr 26,80",Norske frukt og grønnsaker,"kr 26,80 per stk"
Mathall,"Norge, 1 stk",Ekeblad Grønn,"kr 36,30",Norske frukt og grønnsaker,"kr 36,30 per stk"
Mathall,"Norge, 1 stk",Ekeblad Rød,"kr 36,30",Norske frukt og grønnsaker,"kr 36,30 per stk"
Mathall,"Norge, 2 stk",Hjertesalat,"kr 22,90",Norske frukt og grønnsaker,"kr 11,45 per stk"
Mathall,"Norge, 1 stk",Lollosalat Grønn,"kr 36,30",Norske frukt og grønnsaker,"kr 36,30 per stk"
Mathall,"Norge, 1 stk",Lollosalat Rød,"kr 36,30",Norske frukt og grønnsaker,"kr 36,30 per stk"
Mathall,"Norge, 75 g",Ruccola,"kr 19,60",Norske frukt og grønnsaker,"kr 261,33 per kg"
Mathall,"Norge, 250 g",Spinat Uvasket,"kr 22,80",Norske frukt og grønnsaker,"kr 91,20 per kg"
Mathall,"Nederland, 1 stk",Blomkål,"kr 16,90",Norske frukt og grønnsaker,"kr 16,90 per stk"
Mathall,"Norge, 200 g",Brokkoliris,"kr 25,90",Norske frukt og grønnsaker,"kr 129,50 per kg"
Mathall,1 stk,7-kornbrød,"kr 42,50",Brød og bakevarer,"kr 60,71 per kg"
Mathall,"Steinovnsbakt, 1 stk",Tyrolerbrød,"kr 41,90",Brød og bakevarer,"kr 55,87 per kg"
Mathall,1 stk,Muslibrød,"kr 42,90",Brød og bakevarer,"kr 55,00 per kg"
Mathall,1 stk,Nybakt Økologisk Speltbrød,"kr 59,90",Brød og bakevarer,"kr 77,79 per kg"
Mathall,1 stk,Dansk Rugbrød,"kr 40,90",Brød og bakevarer,"kr 51,13 per kg"
Mathall,1 stk,Ferskt Gulrotbrød,"kr 39,90",Brød og bakevarer,"kr 66,50 per kg"
Mathall,"Med Oliven, 500 g",Focaccia,"kr 49,90",Brød og bakevarer,"kr 99,80 per kg"
Mathall,1 stk,Glutenfritt Grovbrød,"kr 69,90",Brød og bakevarer,"kr 170,49 per kg"
"Shampo, såpe og hudpleie","Fructis, 250 ml",Shampo Strength & Shine,"kr 33,80",Shampo og hårprodukter,"kr 135,20 per l"
"Shampo, såpe og hudpleie","Fructis, 250ml, 200 ml",Strength & Shine Balsam,"kr 34,40",Shampo og hårprodukter,"kr 172,00 per l"
"Shampo, såpe og hudpleie",350 ml,Garnier Fructis Hair Food Banana Shampo,"kr 54,70",Shampo og hårprodukter,"kr 156,29 per l"
"Shampo, såpe og hudpleie",390 ml,Banana Nourishing Hair Treatment,"kr 78,90",Shampo og hårprodukter,"kr 202,31 per l"
"Shampo, såpe og hudpleie",350 ml,Garnier Fructis Hair Food Papaya Shampo,"kr 64,20",Shampo og hårprodukter,"kr 183,43 per l"
"Shampo, såpe og hudpleie",390 ml,Papaya Repairing Hair Treatment,"kr 81,70",Shampo og hårprodukter,"kr 209,49 per l"
"Shampo, såpe og hudpleie",250 ml,Shampo,"kr 34,60",Shampo og hårprodukter,"kr 138,40 per l"
"Shampo, såpe og hudpleie","Uten parfyme, 250 ml",Mild Balsam,"kr 42,80",Shampo og hårprodukter,"kr 171,20 per l"
"Shampo, såpe og hudpleie",400 ml,Happy and Hydryted Shampoo,"kr 73,10",Shampo og hårprodukter,"kr 182,75 per l"
Mathall,"Steinmalt, 700 g",Økologiske Store Havregryn,"kr 44,90",Mel og gryn,"kr 64,14 per kg"
Mathall,1 kg,Økologisk Kjempedurum Finmalt,"kr 69,90",Mel og gryn,"kr 69,90 per kg"
Mathall,1 kg,Økologisk Landhvete Finmalt,"kr 36,90",Mel og gryn,"kr 36,90 per kg"
Mathall,500 g,Økologisk Perlebygg,"kr 42,90",Mel og gryn,"kr 85,80 per kg"
Mathall,500 g,Økologisk Perle Emmer,"kr 42,90",Mel og gryn,"kr 85,80 per kg"
Mathall,500 g,Økologisk Perlespelt,"kr 37,90",Mel og gryn,"kr 75,80 per kg"
Mathall,1 kg,Økologisk Rugmel Siktet,"kr 39,90",Mel og gryn,"kr 39,90 per kg"
Mathall,"Håndlaget, 300 g",Fersk Tagliolini,"kr 69,90","Middagstilbehør, pasta og saus","kr 233,00 per kg"
Mathall,"Håndlaget, 300 g",Fersk Spaghetti Alla Chitarra,"kr 69,90","Middagstilbehør, pasta og saus","kr 233,00 per kg"
Mathall,"Håndlaget, 300 g",Fersk Tagliatelle,"kr 69,90","Middagstilbehør, pasta og saus","kr 233,00 per kg"
Mathall,"Håndlaget, 300 g",Fersk Trottolepasta,"kr 69,90","Middagstilbehør, pasta og saus","kr 233,00 per kg"
Mathall,40 g,Tørket Remmetang,"kr 99,00","Middagstilbehør, pasta og saus","kr 2475,00 per kg"
Mathall,30 g,Tørket Vingetang,"kr 99,00","Middagstilbehør, pasta og saus","kr 3300,00 per kg"
Mathall,30 g,Tørket Sukkertang,"kr 99,00","Middagstilbehør, pasta og saus","kr 3300,00 per kg"
Mathall,390 ml,Mak Kimchi,"kr 159,00","Middagstilbehør, pasta og saus","kr 407,69 per l"
"Shampo, såpe og hudpleie","Uten Parfyme, 250 ml",Neutral Kids Dusj,"kr 42,80",Barnesåpe og babyolje,"kr 171,20 per l"
"Shampo, såpe og hudpleie","Kids, 150 ml",Balsamspray,"kr 40,10",Barnesåpe og babyolje,"kr 267,33 per l"
"Shampo, såpe og hudpleie",150 ml,Badesåpe Baby,"kr 33,10",Barnesåpe og babyolje,"kr 220,67 per l"
"Shampo, såpe og hudpleie",250 ml,Baby Bad,"kr 38,90",Barnesåpe og babyolje,"kr 155,60 per l"
"Shampo, såpe og hudpleie",250 ml,Babyolje,"kr 53,10",Barnesåpe og babyolje,"kr 212,40 per l"
"Shampo, såpe og hudpleie",250 ml,Shampo Baby,"kr 31,70",Barnesåpe og babyolje,"kr 126,80 per l"
"Shampo, såpe og hudpleie",100 ml,Sinksalve,"kr 32,70",Barnesåpe og babyolje,"kr 327,00 per l"
"Shampo, såpe og hudpleie",110 g,Nappy Cream Sinksalve,"kr 37,60",Barnesåpe og babyolje,"kr 341,82 per kg"
"Shampo, såpe og hudpleie","Cottontouch, 300 ml",Hair & Scalp Oil,"kr 47,60",Barnesåpe og babyolje,"kr 158,67 per l"
"Shampo, såpe og hudpleie",200 ml,Sun Protection Milk SPF 20,"kr 123,80",Solkrem og selvbruning,"kr 619,00 per l"
"Shampo, såpe og hudpleie",200 ml,Sun Protection Milk SPF 30,"kr 123,80",Solkrem og selvbruning,"kr 619,00 per l"
"Shampo, såpe og hudpleie",200 ml,Sensitive Advanced Kids Lotion SPF 50+,"kr 155,00",Solkrem og selvbruning,"kr 775,00 per l"
"Shampo, såpe og hudpleie",200 ml,Kids Moisturising spray Swim SPF50,"kr 155,00",Solkrem og selvbruning,"kr 775,00 per l"
"Shampo, såpe og hudpleie",75 ml,Sensitive Advanced Daily Protect Mist SPF 50 +,"kr 119,60",Solkrem og selvbruning,"kr 1594,67 per l"
"Shampo, såpe og hudpleie",150 ml,UV Water SPF 20,"kr 155,90",Solkrem og selvbruning,"kr 1039,33 per l"
"Shampo, såpe og hudpleie",150 ml,UV Water SPF 30,"kr 155,90",Solkrem og selvbruning,"kr 1039,33 per l"
"Shampo, såpe og hudpleie",200 ml,UV-Water Mist SPF30,"kr 186,20",Solkrem og selvbruning,"kr 931,00 per l"
"Shampo, såpe og hudpleie",150 ml,Sublime Bronze Self-Tan Milk,"kr 171,60",Solkrem og selvbruning,"kr 1144,00 per l"
"Shampo, såpe og hudpleie","Rosy Lips, 20 g",Vaseline Lip,"kr 23,90",Leppepomade,"kr 1195,00 per kg"
"Shampo, såpe og hudpleie","Original, 20 g",Vaseline Lip,"kr 28,50",Leppepomade,"kr 1425,00 per kg"
"Shampo, såpe og hudpleie",1 stk,Leppepomade Tube,"kr 38,90",Leppepomade,"kr 38,90 per stk"
"Shampo, såpe og hudpleie",1 stk,Labello Hydro Care,"kr 26,80",Leppepomade,"kr 26,80 per stk"
"Shampo, såpe og hudpleie","Original blå, 1 stk",Lypsyl,"kr 24,90",Leppepomade,"kr 24,90 per stk"
"Shampo, såpe og hudpleie","Aloe Vera, 1 stk",Lypsyl,"kr 28,40",Leppepomade,"kr 28,40 per stk"
"Shampo, såpe og hudpleie",1 stk,Labello Peach Shine,"kr 33,60",Leppepomade,"kr 33,60 per stk"
Mathall,700 ml,Økologisk Bringebærsaft,"kr 119,00",Drikke,"kr 170,00 per l"
Mathall,"0,33 l",Tøyen-Cola,"kr 28,50",Drikke,"kr 86,36 per l"
Drikkevarer,"0,5 l",Fanta Orange,"kr 25,80",Brus,"kr 51,60 per l"
"Shampo, såpe og hudpleie",50 ml,Antirynkekrem Q10,"kr 104,90",Ansiktspleie,"kr 2098,00 per l"
Hus og hjem,"Assorterte Farger, 1 stk",Hackit Kjøttdeighakker,"kr 92,20",Kjøkkenredskap,"kr 92,20 per stk"
Hus og hjem,1 stk,Stekespade Nylon,"kr 33,10",Kjøkkenredskap,"kr 33,10 per stk"
Hus og hjem,1 stk,Spiralvisp Nylon,"kr 38,10",Kjøkkenredskap,"kr 38,10 per stk"
Hus og hjem,1 stk,Øse,"kr 44,80",Kjøkkenredskap,"kr 44,80 per stk"
Hus og hjem,1 stk,Pizzahjul,"kr 35,60",Kjøkkenredskap,"kr 35,60 per stk"
Hus og hjem,1 stk,Skreller Fast Blad,"kr 38,80",Kjøkkenredskap,"kr 38,80 per stk"
Hus og hjem,1 stk,Slikkepott,"kr 38,80",Kjøkkenredskap,"kr 38,80 per stk"
Hus og hjem,1 stk,Hvitløkspresse,"kr 63,10",Kjøkkenredskap,"kr 63,10 per stk"
Hus og hjem,1 stk,Saks m/Softgrip,"kr 35,60",Kjøkkenredskap,"kr 35,60 per stk"
Hus og hjem,"35x25 cm, 1 stk",Skjærebrett,"kr 59,80",Kjøkkenredskap,"kr 59,80 per stk"
Mathall,1 kg,Levende Blåskjell,"kr 68,70",Fiskedisken,"kr 68,70 per kg"
Brød og frokostblandinger,4 stk,Døgnvill Burgerbrød,"kr 29,90","Pølse- og hamburgerbrød, lomper","kr 83,06 per kg"
Hus og hjem,1 stk,Kortstokk,"kr 21,80",Diverse husholdning,"kr 21,80 per stk"
Hus og hjem,"Assorterte farger, 1 stk",Feiesett,"kr 38,50",Diverse husholdning,"kr 38,50 per stk"
Hus og hjem,1 stk,2-veis Forgreningskontakt,"kr 49,90",Diverse husholdning,"kr 49,90 per stk"
Hus og hjem,"Cotech, 1 stk",Bitssett 31 deler,"kr 129,90",Diverse husholdning,"kr 129,90 per stk"
Hus og hjem,"Dobbel, 1 stk",Selvheftende baderomskrok,"kr 139,90",Diverse husholdning,"kr 139,90 per stk"
Hus og hjem,"Hvit, 1 stk",Dørhenger 4 kroker,"kr 79,90",Diverse husholdning,"kr 79,90 per stk"
Hus og hjem,"Tilfeldig Farge, 1 stk",Drikkeflaske Squezze 460ml,"kr 68,90",Diverse husholdning,"kr 68,90 per stk"
Hus og hjem,1 stk,Elektrisk Barberhøvel Oneblade,"kr 349,90",Diverse husholdning,"kr 349,90 per stk"
Mathall,"Avokado-basert, 0,5 l",Vegansk Sjokolade Iskrem,"kr 79,80","Iskrem, søtsaker og snacks","kr 159,60 per l"
Pålegg,200 g,Blåbærsyltetøy,"kr 37,30",Syltetøy,"kr 186,50 per kg"
Pålegg,200 g,Eplesyltetøy,"kr 37,30",Syltetøy,"kr 186,50 per kg"
Pålegg,200 g,Rabarbrasyltetøy Gourmet,"kr 37,30",Syltetøy,"kr 186,50 per kg"
Pålegg,200 g,Aprikossyltetøy,"kr 37,30",Syltetøy,"kr 186,50 per kg"
Pålegg,"Engelsk Type, 200 g",Appelsinmarmelade med Skall,"kr 37,30",Syltetøy,"kr 186,50 per kg"
Pålegg,200 g,Multesyltetøy,"kr 61,00",Syltetøy,"kr 305,00 per kg"
Pålegg,1 stk,Myntegele,"kr 37,30",Syltetøy,"kr 37,30 per stk"
Pålegg,200 g,Ripssyltetøy Gourmet,"kr 37,30",Syltetøy,"kr 186,50 per kg"
Pålegg,200 g,Rognebærgele,"kr 40,40",Syltetøy,"kr 202,00 per kg"
Pålegg,200 g,Rørte Tyttebær Gourmet,"kr 39,60",Syltetøy,"kr 198,00 per kg"
Brød og frokostblandinger,2 stk,Croissant,"kr 39,90",Fersk småbakst,"kr 221,67 per kg"
Brød og frokostblandinger,4 stk,Ferske Hveteboller,"kr 59,90",Fersk småbakst,"kr 110,93 per kg"
Brød og frokostblandinger,2 stk,Ferske Kanelsnurrer,"kr 49,90",Fersk småbakst,"kr 172,07 per kg"
Brød og frokostblandinger,4 stk,Ferske Kanelsnurrer,"kr 69,90",Fersk småbakst,"kr 120,52 per kg"
Brød og frokostblandinger,4 stk,Ferske Boller med Sjokolade,"kr 59,90",Fersk småbakst,"kr 110,93 per kg"
Brød og frokostblandinger,350 g,Fersk Fin Baguette,"kr 29,90",Fersk småbakst,"kr 85,43 per kg"
Brød og frokostblandinger,1 stk,Fersk Baguette Med Frø,"kr 29,90",Fersk småbakst,"kr 85,43 per kg"
Mathall,"Norge, 200 g",Blomkålris,"kr 26,90",Norske frukt og grønnsaker,"kr 134,50 per kg"
Mathall,"Norge, 200 g",Grønnkål,"kr 31,00",Norske frukt og grønnsaker,"kr 155,00 per kg"
Mathall,"Vasket, Norge, 125 g",Grønnkål uten Stilk,"kr 24,20",Norske frukt og grønnsaker,"kr 193,60 per kg"
Mathall,"Økologisk, Norge, 500 g",Røde Epler Aroma/ Rubinstep 2-3 stk,"kr 34,20",Norske frukt og grønnsaker,"kr 68,40 per kg"
Mathall,"Norge, 5 stk",Pærer,"kr 46,90",Norske frukt og grønnsaker,"kr 62,53 per kg"
Mathall,"Norge, 1 kg",Gulrot I Bunt,"kr 34,90",Norske frukt og grønnsaker,"kr 34,90 per kg"
Mathall,"Norge, 750 g",Økologiske Gulrøtter,"kr 32,10",Norske frukt og grønnsaker,"kr 42,80 per kg"
Mathall,"Norge, 6 stk",Aroma/Lobo Epler,"kr 44,90",Norske frukt og grønnsaker,"kr 65,07 per kg"
Mathall,1 stk,Fersk Baguette Med Frø,"kr 29,90",Brød og bakevarer,"kr 85,43 per kg"
Mathall,350 g,Fersk Fin Baguette,"kr 29,90",Brød og bakevarer,"kr 85,43 per kg"
Mathall,"Halvstekte, 5 stk",Økologiske Grove Baguetter,"kr 89,90",Brød og bakevarer,"kr 119,87 per kg"
Mathall,4 stk,Kornrundstykker,"kr 39,90",Brød og bakevarer,"kr 79,80 per kg"
Mathall,4 stk,Grove Scones,"kr 69,90",Brød og bakevarer,"kr 116,50 per kg"
Mathall,"Halvstekte, 9 stk",Grove Økologiske Rundstykker,"kr 89,90",Brød og bakevarer,"kr 89,90 per kg"
Mathall,4 stk,Croissant,"kr 59,90",Brød og bakevarer,"kr 166,39 per kg"
Mathall,4 stk,Ferske Kanelsnurrer,"kr 69,90",Brød og bakevarer,"kr 120,52 per kg"
"Shampo, såpe og hudpleie",400 ml,Volume and Bounty Shampo,"kr 76,10",Shampo og hårprodukter,"kr 190,25 per l"
"Shampo, såpe og hudpleie",400 ml,Volume and Bounty Balsam,"kr 76,10",Shampo og hårprodukter,"kr 190,25 per l"
"Shampo, såpe og hudpleie",400 ml,Hope and Repair Shampoo,"kr 73,10",Shampo og hårprodukter,"kr 182,75 per l"
"Shampo, såpe og hudpleie",400 ml,Hope and Repair Balsam,"kr 73,10",Shampo og hårprodukter,"kr 182,75 per l"
"Shampo, såpe og hudpleie",400 ml,Blooming Color Shampoo,"kr 76,60",Shampo og hårprodukter,"kr 191,50 per l"
"Shampo, såpe og hudpleie",400 ml,Blooming Color Balsam,"kr 76,60",Shampo og hårprodukter,"kr 191,50 per l"
"Shampo, såpe og hudpleie",75 ml,Shampo Lyko Vegan,"kr 29,90",Shampo og hårprodukter,"kr 398,67 per l"
"Shampo, såpe og hudpleie",75 ml,Balsam Lyko Vegan,"kr 29,90",Shampo og hårprodukter,"kr 398,67 per l"
Mathall,1 kg,Økologisk Siktet Landhvete,"kr 44,90",Mel og gryn,"kr 44,90 per kg"
Mathall,"Finmalt, 1 kg",Økologisk Svedjerug,"kr 42,90",Mel og gryn,"kr 42,90 per kg"
Mathall,500 g,Havregryn Steel Cut,"kr 44,40",Mel og gryn,"kr 88,80 per kg"
Mathall,500 g,Havre & Quinoa Steel Cut,"kr 61,40",Mel og gryn,"kr 122,80 per kg"
Mathall,500 g,Fiberhavre Steel Cut,"kr 61,40",Mel og gryn,"kr 122,80 per kg"
Mathall,500 g,Havregryn Lettkokt,"kr 38,00",Mel og gryn,"kr 76,00 per kg"
Mathall,500 g,Honningristet Musli,"kr 99,00",Mel og gryn,"kr 198,00 per kg"
Mathall,390 ml,Sauerkraut,"kr 169,00","Middagstilbehør, pasta og saus","kr 433,33 per l"
Mathall,"Upasteurisert Surkål, 390 ml",Jegerkraut,"kr 159,00","Middagstilbehør, pasta og saus","kr 407,69 per l"
Mathall,"Upasteurisert Surkål, 390 ml",Shivakraut,"kr 159,00","Middagstilbehør, pasta og saus","kr 407,69 per l"
Mathall,"Upasteurisert Surkål, 390 ml",Curtido,"kr 159,00","Middagstilbehør, pasta og saus","kr 407,69 per l"
Mathall,"Vingetang, 250 ml",Arctic Ocean Salad,"kr 129,00","Middagstilbehør, pasta og saus","kr 516,00 per l"
Mathall,"Vegetar, 370 g",Bolognese,"kr 44,60","Middagstilbehør, pasta og saus","kr 120,54 per kg"
Mathall,350 g,Bringebærhonning Myk,"kr 93,90","Middagstilbehør, pasta og saus","kr 268,29 per kg"
Hus og hjem,1 stk,Kopipapir A4 500 ark,"kr 39,90",Kontor,"kr 39,90 per stk"
Pålegg,200 g,Serrano Gran Reserva,"kr 89,00",Spekemat og salami,"kr 445,00 per kg"
Brød og frokostblandinger,"6x50g, 300 g",Rundstykker Grove,"kr 12,30",Langtidsholdbare brød,"kr 41,00 per kg"
"Shampo, såpe og hudpleie",300 ml,Top-to-toe Babywash,"kr 41,80",Barnesåpe og babyolje,"kr 139,33 per l"
"Shampo, såpe og hudpleie","2 in 1, 300 ml",Bath & Wash Cottontouch,"kr 42,60",Barnesåpe og babyolje,"kr 142,00 per l"
"Shampo, såpe og hudpleie","No More Tangles, 300 ml",Kids Shampo,"kr 42,60",Barnesåpe og babyolje,"kr 142,00 per l"
"Shampo, såpe og hudpleie",300 ml,Aloe Vera Olje,"kr 43,40",Barnesåpe og babyolje,"kr 144,67 per l"
"Shampo, såpe og hudpleie",300 ml,Baby Shampo,"kr 42,60",Barnesåpe og babyolje,"kr 142,00 per l"
"Shampo, såpe og hudpleie",150 ml,Baby Olje,"kr 53,80",Barnesåpe og babyolje,"kr 358,67 per l"
"Shampo, såpe og hudpleie",100 g,Babypudder,"kr 34,60",Barnesåpe og babyolje,"kr 346,00 per kg"
"Shampo, såpe og hudpleie",75 ml,Sublime Bronze Self-Tan Express ProFace,"kr 126,20",Solkrem og selvbruning,"kr 1682,67 per l"
"Shampo, såpe og hudpleie","Nøytral, 1 stk",Leppepomade Lyko Vegan,"kr 29,90",Leppepomade,"kr 29,90 per stk"
Drikkevarer,"0,5 l",Fanta Orange Uten Sukker,"kr 28,30",Brus,"kr 56,60 per l"
Drikkevarer,"0,5 l",Urge,"kr 25,80",Brus,"kr 51,60 per l"
Drikkevarer,"0,5 l",Fanta Exotic,"kr 25,80",Brus,"kr 51,60 per l"
Drikkevarer,"0,5 l",Sprite,"kr 25,00",Brus,"kr 50,00 per l"
Drikkevarer,"0,5 l",Sprite Zero,"kr 25,80",Brus,"kr 51,60 per l"
Drikkevarer,"0,5 l",Mozell Eple & Drue,"kr 25,90",Brus,"kr 51,80 per l"
Drikkevarer,"0,5 l",Villa,"kr 25,90",Brus,"kr 51,80 per l"
Drikkevarer,"1,5 l",Villa Lett,"kr 36,40",Brus,"kr 24,27 per l"
Drikkevarer,"0,5 l",Villa Lett,"kr 25,40",Brus,"kr 50,80 per l"
"Shampo, såpe og hudpleie",50 ml,Q10 Nattkrem Antirynker,"kr 113,90",Ansiktspleie,"kr 2278,00 per l"
"Shampo, såpe og hudpleie",50 ml,Face Cream,"kr 141,90",Ansiktspleie,"kr 2838,00 per l"
"Shampo, såpe og hudpleie",50 ml,Moisture & Aloe Vera,"kr 59,80",Ansiktspleie,"kr 1196,00 per l"
"Shampo, såpe og hudpleie",75 ml,Pleiende Ansiktskrem,"kr 75,50",Ansiktspleie,"kr 1006,67 per l"
"Shampo, såpe og hudpleie",200 ml,Nivea Soft Cream,"kr 38,40",Ansiktspleie,"kr 192,00 per l"
"Shampo, såpe og hudpleie",40 g,Kløver Vaseline,"kr 38,80",Ansiktspleie,"kr 970,00 per kg"
"Shampo, såpe og hudpleie",1 stk,Pure Charcoal Tissue Mask,"kr 29,80",Ansiktspleie,"kr 29,80 per stk"
Hus og hjem,"30 cm, 1 stk",Brødbakeform,"kr 87,90",Kjøkkenredskap,"kr 87,90 per stk"
Hus og hjem,"0,5l, 1 stk",Fryseboks,"kr 33,90",Kjøkkenredskap,"kr 33,90 per stk"
Hus og hjem,"1,2l, 1 stk",Fryse- og oppbevaringsboks,"kr 50,80",Kjøkkenredskap,"kr 50,80 per stk"
Hus og hjem,"3 dl, 5 stk",Frysebeger,"kr 34,90",Kjøkkenredskap,"kr 6,98 per stk"
Hus og hjem,1 stk,Kaffetrakter Coline Svart,"kr 799,00",Kjøkkenredskap,"kr 799,00 per stk"
Hus og hjem,1 stk,Smørbrødgrill Krups,"kr 499,90",Kjøkkenredskap,"kr 499,90 per stk"
Hus og hjem,1 stk,Gryte 3.0l rustfri coline,"kr 299,90",Kjøkkenredskap,"kr 299,90 per stk"
Mathall,"Oppdrett, fersk, ca. 400 g",Laksefilet med skinn,"kr 108,80",Fiskedisken,"kr 272,00 per kg"
Mathall,"Oppdrett, Fersk, ca. 200 g",Laksefilet med Skinn,"kr 54,90",Fiskedisken,"kr 274,50 per kg"
Mathall,"Fersk villfisk, ca. 200 g",Seifilet uten Skinn,"kr 27,50",Fiskedisken,"kr 137,50 per kg"
Mathall,"Fersk villfisk, ca. 400 g",Seifilet uten Skinn,"kr 52,80",Fiskedisken,"kr 132,00 per kg"
Mathall,"Oppdrett, Fersk, ca. 400 g",Ørretfilet med Skinn,"kr 119,80",Fiskedisken,"kr 299,50 per kg"
Mathall,"Oppdrett, Fersk, ca. 200 g",Ørretfilet med Skinn,"kr 60,40",Fiskedisken,"kr 302,00 per kg"
Mathall,ca. 400 g,Fersk Torskefilet Uten Skinn,"kr 93,50",Fiskedisken,"kr 233,75 per kg"
Mathall,"Fersk villfisk, ca. 200 g",Torskefilet uten Skinn,"kr 48,40",Fiskedisken,"kr 242,00 per kg"
Mathall,"Med Skinn Villfisk, ca. 400 g",Torskefilet Lettsaltet,"kr 74,00",Fiskedisken,"kr 185,00 per kg"
Mathall,"Med Skinn Villfisk, ca. 200 g",Torskefilet Lettsaltet,"kr 45,40",Fiskedisken,"kr 227,00 per kg"
Brød og frokostblandinger,"Glutenfritt Hamburgerbrød, 2-pak, 1 stk",Glutenfritt Hamburgerbrød,"kr 44,90","Pølse- og hamburgerbrød, lomper","kr 44,90 per stk"
Brød og frokostblandinger,4 stk,Ferske Brioche Hamburgerbrød,"kr 29,90","Pølse- og hamburgerbrød, lomper","kr 83,06 per kg"
Brød og frokostblandinger,"10 stk, 260 g",Lomper Buer,"kr 13,40","Pølse- og hamburgerbrød, lomper","kr 51,54 per kg"
Brød og frokostblandinger,"8 stk, 270 g",Store Speltlomper Buer,"kr 26,80","Pølse- og hamburgerbrød, lomper","kr 99,26 per kg"
Brød og frokostblandinger,5 stk,Birgers Beste Lefser,"kr 31,80","Pølse- og hamburgerbrød, lomper","kr 159,00 per kg"
Brød og frokostblandinger,"4 stk, 340 g",Annas Mandelpotetlefser,"kr 49,90","Pølse- og hamburgerbrød, lomper","kr 146,76 per kg"
Brød og frokostblandinger,"8 stk, 280 g",Havrelomper Store,"kr 25,40","Pølse- og hamburgerbrød, lomper","kr 90,71 per kg"
Hus og hjem,"Enkel, 1 stk",Selvheftende baderomskrok,"kr 89,90",Diverse husholdning,"kr 89,90 per stk"
Hus og hjem,1 stk,Fjernstrømbryter Nexa 3-pack,"kr 249,90",Diverse husholdning,"kr 249,90 per stk"
Hus og hjem,"25 m, 1 stk",Frysetape,"kr 32,80",Diverse husholdning,"kr 32,80 per stk"
Hus og hjem,1 stk,"Grenuttak 3-veis, jord","kr 49,90",Diverse husholdning,"kr 49,90 per stk"
Hus og hjem,1 stk,Hammer 16oz,"kr 169,90",Diverse husholdning,"kr 169,90 per stk"
Hus og hjem,"7,2V, 1 stk",Håndstøvsuger,"kr 329,90",Diverse husholdning,"kr 329,90 per stk"
Hus og hjem,"Keratin, 1 stk",Hårføner,"kr 549,00",Diverse husholdning,"kr 549,00 per stk"
Hus og hjem,"Cs140, Cocraft, 1 stk",Heftepistol,"kr 249,90",Diverse husholdning,"kr 249,90 per stk"
Mathall,"0,5 l",Sjokolade-Iskrem,"kr 63,70","Iskrem, søtsaker og snacks","kr 127,40 per l"
Mathall,"0,5 l",Vanilje-Iskrem,"kr 63,70","Iskrem, søtsaker og snacks","kr 127,40 per l"
Mathall,"0,5 l",Kaffe Mocca Iskrem,"kr 63,70","Iskrem, søtsaker og snacks","kr 127,40 per l"
Mathall,"0,5 l",Lakris-Iskrem,"kr 63,70","Iskrem, søtsaker og snacks","kr 127,40 per l"
Mathall,"0,5 l",Sorbet av Bringebær,"kr 63,70","Iskrem, søtsaker og snacks","kr 127,40 per l"
Mathall,"0,5 l",Sorbet av Jordbær,"kr 76,40","Iskrem, søtsaker og snacks","kr 152,80 per l"
Mathall,"0,5 l",Sorbet av Sitron,"kr 63,70","Iskrem, søtsaker og snacks","kr 127,40 per l"
Mathall,"0,5 l",Sorbet av Mango,"kr 63,70","Iskrem, søtsaker og snacks","kr 127,40 per l"
Mathall,"0,5 l",Sorbet av Kokos,"kr 70,90","Iskrem, søtsaker og snacks","kr 141,80 per l"
Pålegg,200 g,Solbærgele,"kr 37,30",Syltetøy,"kr 186,50 per kg"
Pålegg,200 g,Solbærsyltetøy,"kr 37,30",Syltetøy,"kr 186,50 per kg"
Pålegg,1 kg,Appelsinmarmelade,"kr 21,80",Syltetøy,"kr 21,80 per kg"
Pålegg,1 kg,Bringebærsyltetøy,"kr 29,90",Syltetøy,"kr 29,90 per kg"
Pålegg,1 kg,Jordbærsyltetøy,"kr 24,90",Syltetøy,"kr 24,90 per kg"
Pålegg,1 kg,Blåbærsyltetøy,"kr 29,90",Syltetøy,"kr 29,90 per kg"
Pålegg,1 kg,Tyttebærsyltetøy,"kr 30,10",Syltetøy,"kr 30,10 per kg"
Brød og frokostblandinger,4 stk,Fine Rundstykker,"kr 32,90",Fersk småbakst,"kr 65,80 per kg"
Brød og frokostblandinger,4 stk,Grove Scones,"kr 69,90",Fersk småbakst,"kr 116,50 per kg"
Brød og frokostblandinger,4 stk,Kornrundstykker,"kr 39,90",Fersk småbakst,"kr 79,80 per kg"
Brød og frokostblandinger,4 stk,Rosinboller,"kr 49,90",Fersk småbakst,"kr 92,41 per kg"
Brød og frokostblandinger,600 g,Nybakt Julebrioche,"kr 79,90",Fersk småbakst,"kr 133,17 per kg"
Brød og frokostblandinger,600 g,Nybakt Julekake,"kr 59,90",Fersk småbakst,"kr 99,83 per kg"
Mathall,2 stk,Croissant,"kr 39,90",Brød og bakevarer,"kr 221,67 per kg"
Mathall,4 stk,Ferske Boller med Sjokolade,"kr 59,90",Brød og bakevarer,"kr 110,93 per kg"
Mathall,"Med Spelt, 2 stk",Økologiske Pitabrød,"kr 29,90",Brød og bakevarer,"kr 166,11 per kg"
Mathall,4 stk,Ferske Hveteboller,"kr 59,90",Brød og bakevarer,"kr 110,93 per kg"
Mathall,150 g,Speltkjeks,"kr 56,90",Brød og bakevarer,"kr 379,33 per kg"
Mathall,4 stk,Rosinboller,"kr 49,90",Brød og bakevarer,"kr 92,41 per kg"
Mathall,2 stk,Ferske Kanelsnurrer,"kr 49,90",Brød og bakevarer,"kr 172,07 per kg"
"Shampo, såpe og hudpleie",250 ml,Rå Pleiende Sjampo,"kr 78,90",Shampo og hårprodukter,"kr 315,60 per l"
"Shampo, såpe og hudpleie",200 ml,Rå Pleiende Balsam,"kr 76,90",Shampo og hårprodukter,"kr 384,50 per l"
"Shampo, såpe og hudpleie",200 ml,Sjampo,"kr 33,90",Shampo og hårprodukter,"kr 169,50 per l"
"Shampo, såpe og hudpleie",200 ml,Balsam,"kr 36,00",Shampo og hårprodukter,"kr 180,00 per l"
"Shampo, såpe og hudpleie",250 ml,Shampo Volumising,"kr 35,50",Shampo og hårprodukter,"kr 142,00 per l"
"Shampo, såpe og hudpleie",250 ml,Balsam Volumising,"kr 35,50",Shampo og hårprodukter,"kr 142,00 per l"
"Shampo, såpe og hudpleie",250 ml,Shampo Anti Frizz,"kr 35,50",Shampo og hårprodukter,"kr 142,00 per l"
"Shampo, såpe og hudpleie",250 ml,Balsam Anti Frizz,"kr 35,50",Shampo og hårprodukter,"kr 142,00 per l"
"Shampo, såpe og hudpleie",225 ml,Shampoo Supreme Moisture,"kr 27,60",Shampo og hårprodukter,"kr 122,67 per l"
Mathall,340 g,Økologisk Honning og Nøttegranola,"kr 99,00",Mel og gryn,"kr 291,18 per kg"
Mathall,1 kg,Siktet Hvetemel,"kr 19,90",Mel og gryn,"kr 19,90 per kg"
Mathall,370 g,Chili sin carne,"kr 44,60","Middagstilbehør, pasta og saus","kr 120,54 per kg"
Mathall,1 dl,Fersk Aioli,"kr 31,60","Middagstilbehør, pasta og saus","kr 316,00 per l"
Mathall,175 ml,Fersk Bearnaisesaus,"kr 38,10","Middagstilbehør, pasta og saus","kr 217,71 per l"
Mathall,130 g,Fersk Grønn Pesto,"kr 42,20","Middagstilbehør, pasta og saus","kr 324,62 per kg"
Mathall,370 g,Fersk Kikertcurry,"kr 44,60","Middagstilbehør, pasta og saus","kr 120,54 per kg"
Mathall,"Vegetar, 370 g",Gartnergryte,"kr 45,40","Middagstilbehør, pasta og saus","kr 122,70 per kg"
Mathall,"sterk, 165 g",Fersk Totensalsa hakket kvassere,"kr 32,90","Middagstilbehør, pasta og saus","kr 199,39 per kg"
Mathall,"Mild, 165 g",Totensalsa ælminnelig,"kr 32,10","Middagstilbehør, pasta og saus","kr 194,55 per kg"
Mathall,"Medium, 165 g",Totensalsa kvass,"kr 32,90","Middagstilbehør, pasta og saus","kr 199,39 per kg"
Hus og hjem,500 stk,Kopipapir A4,"kr 62,20",Kontor,"kr 0,12 per stk"
Hus og hjem,1 stk,Universallim Scotch,"kr 58,80",Kontor,"kr 58,80 per stk"
Hus og hjem,"15m, 1 stk",Scotch Tape Magic med Holder,"kr 33,60",Kontor,"kr 33,60 per stk"
Hus og hjem,1 stk,Teipdispenser M/teip,"kr 39,90",Kontor,"kr 39,90 per stk"
Hus og hjem,2 stk,Scotch Tape,"kr 37,90",Kontor,"kr 18,95 per stk"
Hus og hjem,3 stk,Husholdningsteip 19mm,"kr 49,90",Kontor,"kr 16,63 per stk"
Hus og hjem,1 stk,Gaffateip Basic Mattsvart,"kr 99,90",Kontor,"kr 99,90 per stk"
Hus og hjem,20 g,Strikk,"kr 18,60",Kontor,"kr 930,00 per kg"
Hus og hjem,2 stk,Viskelær,"kr 19,10",Kontor,"kr 9,55 per stk"
Pålegg,80 g,Spekeskinke Fra Tynset,"kr 27,50",Spekemat og salami,"kr 343,75 per kg"
Pålegg,80 g,Chorizo,"kr 31,20",Spekemat og salami,"kr 390,00 per kg"
Pålegg,50 g,Joddlarkorv Spekepølse,"kr 20,70",Spekemat og salami,"kr 414,00 per kg"
Pålegg,100 g,Elg og Einebær Spekepølse,"kr 56,40",Spekemat og salami,"kr 564,00 per kg"
Pålegg,50 g,Cabanossi Spekepølse,"kr 20,70",Spekemat og salami,"kr 414,00 per kg"
Brød og frokostblandinger,"Glutenfri, 500 g",Grova,"kr 63,60",Langtidsholdbare brød,"kr 127,20 per kg"
Brød og frokostblandinger,700 g,KjerneGodt,"kr 35,80",Langtidsholdbare brød,"kr 51,14 per kg"
Brød og frokostblandinger,420 g,Polarbrød Flerkorn,"kr 37,90",Langtidsholdbare brød,"kr 90,24 per kg"
Brød og frokostblandinger,1100 g,Rasker,"kr 49,30",Langtidsholdbare brød,"kr 44,82 per kg"
Brød og frokostblandinger,"16 Stk, 600 g",Havre Polarbrød,"kr 42,80",Langtidsholdbare brød,"kr 71,33 per kg"
Drikkevarer,"1,5 l",Farris Bris Naturell,"kr 19,90",Vann og mineralvann,"kr 13,27 per l"
Brød og frokostblandinger,520 g,Wasa Husman,"kr 23,40",Knekkebrød,"kr 45,00 per kg"
Mathall,"Rødkittost, 200 g",Chablis,,Ostedisken,"kr 327,25 per kg"
Mathall,"Økologisk, 270 g",Holy Baloney Spekepølse,"kr 121,90",Pålegg og spekemat,"kr 451,48 per kg"
Brød og frokostblandinger,450 g,Crusli Solfrokost,"kr 37,60",Frokostblandinger og gryn,"kr 83,56 per kg"
Middager og tilbehør,"Fiks ferdig, 2 Porsjoner, 800 g",Rød Kyllingcurry,"kr 119,00",Ferdige middagsretter,"kr 148,75 per kg"
Drikkevarer,"0,5 l",Eventyrbrus,"kr 27,10",Brus,"kr 54,20 per l"
Drikkevarer,"0,5 l",Ingefærøl,"kr 25,80",Brus,"kr 51,60 per l"
Drikkevarer,"0,5 l",Tab X-tra,"kr 25,80",Brus,"kr 51,60 per l"
Drikkevarer,"Sugar Reduction, 0,5 l",Mountain Dew,"kr 25,90",Brus,"kr 51,80 per l"
Drikkevarer,"0,5 l",Tonic Zero,"kr 25,40",Brus,"kr 50,80 per l"
Drikkevarer,"0,5 l",Tonic,"kr 26,40",Brus,"kr 52,80 per l"
Drikkevarer,"0,5 l",Russchian,"kr 26,80",Brus,"kr 53,60 per l"
"Shampo, såpe og hudpleie","Dermo Expertise, 50 ml",Age Perfect Dagkrem,"kr 108,90",Ansiktspleie,"kr 2178,00 per l"
"Shampo, såpe og hudpleie",50 ml,Revitalift Nattkrem,"kr 114,90",Ansiktspleie,"kr 2298,00 per l"
"Shampo, såpe og hudpleie",100 ml,After Shave Balm,"kr 68,40",Ansiktspleie,"kr 684,00 per l"
"Shampo, såpe og hudpleie",1 stk,Age Perfect Night Cream,"kr 148,90",Ansiktspleie,"kr 148,90 per stk"
"Shampo, såpe og hudpleie","Lavandin, 50 ml",Anti Wrinkle Firming Day Care,"kr 135,10",Ansiktspleie,"kr 2702,00 per l"
"Shampo, såpe og hudpleie",50 ml,Bio Argan Nourishing Moisturizer,"kr 103,90",Ansiktspleie,"kr 2078,00 per l"
"Shampo, såpe og hudpleie",1 stk,Hydra Genius,"kr 103,00",Ansiktspleie,"kr 103,00 per stk"
"Shampo, såpe og hudpleie",1 stk,Revitalift Energising Red Day Cream,"kr 186,20",Ansiktspleie,"kr 186,20 per stk"
"Shampo, såpe og hudpleie",1 stk,Revitalift Eye Cream,"kr 148,90",Ansiktspleie,"kr 148,90 per stk"
Hus og hjem,1 stk,Ostehøvel Coline,"kr 39,90",Kjøkkenredskap,"kr 39,90 per stk"
Hus og hjem,1 stk,Langform Coline,"kr 99,90",Kjøkkenredskap,"kr 99,90 per stk"
Hus og hjem,1 stk,Sitruspresse,"kr 199,90",Kjøkkenredskap,"kr 199,90 per stk"
Hus og hjem,"til kjøleskapoppbevaring M, 1 stk",Klart lokk,"kr 29,90",Kjøkkenredskap,"kr 29,90 per stk"
Hus og hjem,"Håndvaskes - ikke vaskemaskin, 1 stk",Påleggsboks,"kr 39,90",Kjøkkenredskap,"kr 39,90 per stk"
Hus og hjem,"til kjøleskapoppbevaring XS, 1 stk",Klart lokk,"kr 14,90",Kjøkkenredskap,"kr 14,90 per stk"
Hus og hjem,1 stk,Korketrekker,"kr 79,90",Kjøkkenredskap,"kr 79,90 per stk"
Mathall,", Garantert Beinfri, 4 stk",Laksebiff Uten Skinn,"kr 155,00",Fiskedisken,"kr 310,00 per kg"
Mathall,"Uten Skinn, ca. 400 g",Fersk Brosmefilet,"kr 103,00",Fiskedisken,"kr 257,50 per kg"
Mathall,"Uten Skinn, ca. 200 g",Fersk Brosmefilet,"kr 51,90",Fiskedisken,"kr 259,50 per kg"
Mathall,"Villfisk, ca. 400 g",Smørflyndrefilet,"kr 132,40",Fiskedisken,"kr 331,00 per kg"
Mathall,"Villfisk, ca. 200 g",Smørflyndrefilet,"kr 68,70",Fiskedisken,"kr 343,50 per kg"
Mathall,"Uten Skinn, ca. 200 g",Fersk Langefilet,"kr 51,90",Fiskedisken,"kr 259,50 per kg"
Mathall,"Uten Skinn, ca. 400 g",Fersk Langefilet,"kr 100,80",Fiskedisken,"kr 252,00 per kg"
Brød og frokostblandinger,10 stk,Store Lomper,"kr 12,90","Pølse- og hamburgerbrød, lomper","kr 44,48 per kg"
Brød og frokostblandinger,"6 stk, 300 g",True Style Bistro Pølsebrød,"kr 31,40","Pølse- og hamburgerbrød, lomper","kr 104,67 per kg"
Brød og frokostblandinger,"10 stk, 500 g",Chicago Pølsebrød,"kr 32,20","Pølse- og hamburgerbrød, lomper","kr 64,40 per kg"
Brød og frokostblandinger,"10 stk, 330 g",Grove Pølsebrød,"kr 25,50","Pølse- og hamburgerbrød, lomper","kr 77,27 per kg"
Brød og frokostblandinger,"12 stk, 480 g",Høvding Fine Pølsebrød,"kr 24,90","Pølse- og hamburgerbrød, lomper","kr 51,88 per kg"
Brød og frokostblandinger,378 g,True Bistro Hamburgerbrød,"kr 37,90","Pølse- og hamburgerbrød, lomper","kr 100,26 per kg"
Brød og frokostblandinger,"6 stk, 480 g",Chicago Hamburgerbrød,"kr 29,30","Pølse- og hamburgerbrød, lomper","kr 61,04 per kg"
Brød og frokostblandinger,"6 stk, 378 g",Grove Hamburgerbrød,"kr 25,90","Pølse- og hamburgerbrød, lomper","kr 68,52 per kg"
Brød og frokostblandinger,"6 stk, 220 g",Slider Buns Fine,"kr 20,00","Pølse- og hamburgerbrød, lomper","kr 90,91 per kg"
Hus og hjem,650 stk,Klammer Type 140 10mm,"kr 99,90",Diverse husholdning,"kr 0,15 per stk"
Hus og hjem,"Hvit, 8 stk",Kleshenger,"kr 69,90",Diverse husholdning,"kr 8,74 per stk"
Hus og hjem,"Svart, 8 stk",Kleshenger,"kr 69,90",Diverse husholdning,"kr 8,74 per stk"
Hus og hjem,24 stk,Klesklyper Tre,"kr 39,90",Diverse husholdning,"kr 1,66 per stk"
Hus og hjem,"Zapp Rubber Flint, 1 stk",Lighter,"kr 17,50",Diverse husholdning,"kr 17,50 per stk"
Hus og hjem,"Transparent, 1 stk",Limpatroner 7x100mm,"kr 39,90",Diverse husholdning,"kr 39,90 per stk"
Hus og hjem,1 stk,Limpistol grå,"kr 69,90",Diverse husholdning,"kr 69,90 per stk"
Hus og hjem,"1,4l, 1 stk",Lunch Cube To Go,"kr 78,90",Diverse husholdning,"kr 78,90 per stk"
Mathall,"0,5 l",Sorbet av Rabarbra,"kr 63,80","Iskrem, søtsaker og snacks","kr 127,60 per l"
Mathall,"0,5 l",Cookies & Vanilje-Iskrem,"kr 63,70","Iskrem, søtsaker og snacks","kr 127,40 per l"
Mathall,"0,47 l",Peanut Butter Cup,"kr 83,10","Iskrem, søtsaker og snacks","kr 176,81 per l"
Mathall,1 l,Iskrem Gul Vanilje,"kr 56,80","Iskrem, søtsaker og snacks","kr 56,80 per l"
Mathall,1 l,Iskrem Tiramisu,"kr 55,00","Iskrem, søtsaker og snacks","kr 55,00 per l"
Mathall,"Lime, 0,5 l",Sorbetto Limone,"kr 59,90","Iskrem, søtsaker og snacks","kr 119,80 per l"
Mathall,"0,5 l",Sorbetto Mango & Pasjonsfrukt,"kr 59,90","Iskrem, søtsaker og snacks","kr 119,80 per l"
Pålegg,300 g,Håndlaget Blåbærsyltetøy,"kr 64,90",Syltetøy,"kr 216,33 per kg"
Pålegg,300 g,Håndlaget Jordbærsyltetøy,"kr 64,90",Syltetøy,"kr 216,33 per kg"
Pålegg,300 g,Håndlaget Økologisk Appelsinmarmelade,"kr 64,90",Syltetøy,"kr 216,33 per kg"
Pålegg,300 g,Håndlaget Økologisk Bringebærsyltetøy,"kr 64,90",Syltetøy,"kr 216,33 per kg"
Pålegg,300 g,Håndlaget Økologisk Plommesyltetøy,"kr 64,90",Syltetøy,"kr 216,33 per kg"
Mathall,4 stk,Ferske Brioche Hamburgerbrød,"kr 29,90",Brød og bakevarer,"kr 83,06 per kg"
"Shampo, såpe og hudpleie",220 ml,Balsam Supreme Moisture,"kr 27,60",Shampo og hårprodukter,"kr 125,45 per l"
"Shampo, såpe og hudpleie",280 ml,Shampo Apple Fresh,"kr 46,10",Shampo og hårprodukter,"kr 164,64 per l"
"Shampo, såpe og hudpleie",250 ml,2in1 Classic Clean,"kr 46,10",Shampo og hårprodukter,"kr 184,40 per l"
"Shampo, såpe og hudpleie",280 ml,Shampo Classic Clean,"kr 54,90",Shampo og hårprodukter,"kr 196,07 per l"
"Shampo, såpe og hudpleie",220 ml,Balsam Apple Fresh,"kr 28,10",Shampo og hårprodukter,"kr 127,73 per l"
"Shampo, såpe og hudpleie",200 ml,Dry Shampoo,"kr 82,90",Shampo og hårprodukter,"kr 414,50 per l"
"Shampo, såpe og hudpleie",200 ml,Dry Shampo Original,"kr 57,50",Shampo og hårprodukter,"kr 287,50 per l"
Mathall,250 g,Kråkebolle Fint Flaksalt,"kr 69,90","Middagstilbehør, pasta og saus","kr 279,60 per kg"
Mathall,350 g,Lynghonning Kraftig,"kr 98,90","Middagstilbehør, pasta og saus","kr 282,57 per kg"
Mathall,"Furikake, 30 g",Nordisk Tang,"kr 79,10","Middagstilbehør, pasta og saus","kr 2636,67 per kg"
Mathall,"Rund Halvstekt 30 cm, 3 stk",Pizzabunn Surdeig,,"Middagstilbehør, pasta og saus","kr 96,35 per kg"
Mathall,"Knapptang, 250 ml",Spicy Seaspaghetti,"kr 129,00","Middagstilbehør, pasta og saus","kr 516,00 per l"
Mathall,20 g,Tørket Traktkantarell,"kr 109,00","Middagstilbehør, pasta og saus","kr 5450,00 per kg"
Mathall,"Norskprodusert, 200 g",Fersk Tofu,"kr 32,90","Middagstilbehør, pasta og saus","kr 164,50 per kg"
Mathall,"Norskprodusert, 320 g",Stekt Tofu,"kr 64,90","Middagstilbehør, pasta og saus","kr 202,81 per kg"
Brød og frokostblandinger,"6 stk, 360 g",Croissant,"kr 31,10",Frosne brød og rundstykker,"kr 86,39 per kg"
Hus og hjem,"0.7, 1 stk",Trykkblyant,"kr 23,70",Kontor,"kr 23,70 per stk"
Hus og hjem,4 stk,Blyanter,"kr 18,10",Kontor,"kr 4,53 per stk"
Hus og hjem,1 stk,Tusj Sort Penol,"kr 28,60",Kontor,"kr 28,60 per stk"
Hus og hjem,10 stk,Fargeblyanter Jumbo,"kr 45,80",Kontor,"kr 4,58 per stk"
Hus og hjem,1 stk,Notiskube 400 Ark,"kr 59,90",Kontor,"kr 59,90 per stk"
Hus og hjem,"76x127 mm, 1 stk",Post-it Blokk,"kr 32,60",Kontor,"kr 32,60 per stk"
Hus og hjem,"76x76mm, 1 stk",Post-It Blokk Gul,"kr 27,60",Kontor,"kr 27,60 per stk"
Hus og hjem,"80 ark, 1 stk",Spiralhefte Linjer A4,"kr 35,60",Kontor,"kr 35,60 per stk"
Hus og hjem,"80 ark, 1 stk",Spiralhefter Ruter A4,"kr 41,80",Kontor,"kr 41,80 per stk"
Hus og hjem,"40 cm, 100 stk",Servietter Hvite,"kr 46,30",Engangs og Servietter,"kr 0,46 per stk"
Hus og hjem,"6 timer, 50 stk",Telys,"kr 39,10",Stearinlys,"kr 0,78 per stk"
Brød og frokostblandinger,4 stk,Fine Rundstykker,"kr 32,90",Ferske brød,"kr 65,80 per kg"
Hus og hjem,1 stk,Mignonpære led E14 2W 136lm,"kr 39,90",Lyspærer,"kr 39,90 per stk"
Tørkepapir og vaskemidler,66 vask,Sun Maxpower,"kr 88,90",Oppvask,"kr 1,35 per vask"
Pålegg,"Økologisk, 270 g",Holy Baloney Spekepølse,"kr 121,90",Spekemat og salami,"kr 451,48 per kg"
Pålegg,"Spania, 225 g",Chorizo Spicy,"kr 111,90",Spekemat og salami,"kr 497,33 per kg"
Pålegg,100 g,Henriksenpølse,"kr 41,50",Spekemat og salami,"kr 415,00 per kg"
Pålegg,"Økologisk, 255 g",Pablo Chorizo Salami,"kr 121,90",Spekemat og salami,"kr 478,04 per kg"
Pålegg,55 g,Kompis Spekesnacks Cabanossy,"kr 29,10",Spekemat og salami,"kr 529,09 per kg"
Pålegg,55 g,Kompis Spekesnacks Sicilia,"kr 29,10",Spekemat og salami,"kr 529,09 per kg"
Pålegg,220 g,Hel Spekepølse Med Pepper & Chili,"kr 69,10",Spekemat og salami,"kr 314,09 per kg"
"Shampo, såpe og hudpleie","Pumpe, 250 ml",Neutral Hand Wash,"kr 17,20",Håndsåpe,"kr 68,80 per l"
Brød og frokostblandinger,1100 g,Jättefranska,"kr 47,00",Langtidsholdbare brød,"kr 42,73 per kg"
Brød og frokostblandinger,650 g,Lantgodabrød,"kr 39,80",Langtidsholdbare brød,"kr 61,23 per kg"
Brød og frokostblandinger,500 g,Lingongrova,"kr 42,20",Langtidsholdbare brød,"kr 84,40 per kg"
Brød og frokostblandinger,450 g,Rosta,"kr 28,80",Langtidsholdbare brød,"kr 64,00 per kg"
Brød og frokostblandinger,500 g,Rugbrød i Skiver,"kr 28,40",Langtidsholdbare brød,"kr 56,80 per kg"
Brød og frokostblandinger,250 g,Proteinbrød,"kr 49,70",Langtidsholdbare brød,"kr 198,80 per kg"
Brød og frokostblandinger,"Økologisk, 250 g",Pumpernickel,"kr 48,80",Langtidsholdbare brød,"kr 195,20 per kg"
Brød og frokostblandinger,500 g,Rugbrød,"kr 18,10",Langtidsholdbare brød,"kr 36,20 per kg"
Drikkevarer,"1,5 l",Farris Naturell,"kr 19,90",Vann og mineralvann,"kr 13,27 per l"
Drikkevarer,"0,5 l",Farris Naturell,"kr 19,90",Vann og mineralvann,"kr 39,80 per l"
Drikkevarer,"1,5 l",Farris Bris Bringebær Limonade,"kr 19,90",Vann og mineralvann,"kr 13,27 per l"
Drikkevarer,"1,5 l",Farris Bris Jordbær & Kiwi,"kr 19,90",Vann og mineralvann,"kr 13,27 per l"
Drikkevarer,"1,5 l",Farris Bris Mango & Papaya,"kr 19,90",Vann og mineralvann,"kr 13,27 per l"
Drikkevarer,"1,5 l",Farris Bris Sitron & Sitrongress,"kr 19,90",Vann og mineralvann,"kr 13,27 per l"
Drikkevarer,"1,5 l",Farris Sitron,"kr 19,90",Vann og mineralvann,"kr 13,27 per l"
Drikkevarer,"1,5 l",Farris Lime,"kr 19,90",Vann og mineralvann,"kr 13,27 per l"
Drikkevarer,"0,5 l",Farris Bris Naturell,"kr 19,90",Vann og mineralvann,"kr 39,80 per l"
Drikkevarer,"24 x 0,33l, 7,92 l",Ramlösa Original,"kr 169,00",Vann og mineralvann,"kr 21,34 per l"
Brød og frokostblandinger,600 g,Havre Økonomi,"kr 42,80",Knekkebrød,"kr 71,33 per kg"
Brød og frokostblandinger,225 g,Sport+ Knekkebrød,"kr 16,80",Knekkebrød,"kr 74,67 per kg"
Brød og frokostblandinger,12 stk,Knekkebrød Urter & havsalt,"kr 41,20",Knekkebrød,"kr 3,43 per stk"
Brød og frokostblandinger,12 stk,Knekkebrød Original,"kr 41,20",Knekkebrød,"kr 3,43 per stk"
Brød og frokostblandinger,"Glutenfri, 150 g",Lavkarbo-Knekkebrød,"kr 38,80",Knekkebrød,"kr 258,67 per kg"
Brød og frokostblandinger,"Glutenfri, 200 g",Knekkebrød med Tomat,"kr 39,40",Knekkebrød,"kr 197,00 per kg"
Brød og frokostblandinger,200 g,Kornmo Bakte Knekkebrød Chia,"kr 34,80",Knekkebrød,"kr 174,00 per kg"
Mathall,250 g,Camembert Le Rustique,,Ostedisken,"kr 181,76 per kg"
Mathall,250 g,Brie de Paris,,Ostedisken,"kr 165,76 per kg"
Mathall,250 g,Epoisses de Bourgogne AOP,,Ostedisken,"kr 463,12 per kg"
Mathall,250 g,Le Crémier de Chaumes,,Ostedisken,"kr 338,52 per kg"
Mathall,200 g,Petit Delice Des Cremieres,,Ostedisken,"kr 433,30 per kg"
Mathall,320 g,Bufar,"kr 144,60",Ostedisken,"kr 451,88 per kg"
Mathall,350 g,Helin Nøkkelost,"kr 155,00",Ostedisken,"kr 442,86 per kg"
Mathall,"Økologisk, 255 g",Pablo Chorizo Salami,"kr 121,90",Pålegg og spekemat,"kr 478,04 per kg"
Mathall,"Økologisk, 255 g",Slegge Chili Salami,"kr 121,90",Pålegg og spekemat,"kr 478,04 per kg"
Mathall,"Modnet 24 mnd, 80 g",Tronfjell Velhengt Spekeskinke I Skiver,"kr 64,90",Pålegg og spekemat,"kr 811,25 per kg"
Mathall,100 g,Vellagra Coppaskinke,"kr 59,80",Pålegg og spekemat,"kr 598,00 per kg"
Mathall,100 g,Elg og Einebær Spekepølse,"kr 56,40",Pålegg og spekemat,"kr 564,00 per kg"
Mathall,200 g,Fenalår,"kr 131,50",Pålegg og spekemat,"kr 657,50 per kg"
Mathall,200 g,Kalkunskinke Skivet,"kr 91,60",Pålegg og spekemat,"kr 458,00 per kg"
Mathall,200 g,Mortadella i Skiver,"kr 69,90",Pålegg og spekemat,"kr 349,50 per kg"
Brød og frokostblandinger,375 g,Cheerios Havre,"kr 39,70",Frokostblandinger og gryn,"kr 105,87 per kg"
Brød og frokostblandinger,450 g,Supergranola Kakao & Bringebær,"kr 46,40",Frokostblandinger og gryn,"kr 103,11 per kg"
Brød og frokostblandinger,450 g,Supergranola med Hasselnøtt & Kokos,"kr 40,90",Frokostblandinger og gryn,"kr 90,89 per kg"
Brød og frokostblandinger,450 g,Supergranola Protein Kakao Kokos & Mandel,"kr 53,40",Frokostblandinger og gryn,"kr 118,67 per kg"
Brød og frokostblandinger,350 g,Granola Puffet Quinoa,"kr 45,80",Frokostblandinger og gryn,"kr 130,86 per kg"
Brød og frokostblandinger,500 g,Nesquik Frokostblanding,"kr 43,20",Frokostblandinger og gryn,"kr 86,40 per kg"
Brød og frokostblandinger,375 g,Weetos Choco,"kr 54,80",Frokostblandinger og gryn,"kr 146,13 per kg"
Middager og tilbehør,"Fiks ferdig, 2 Porsjoner, 800 g",Fransk Oksegryte,"kr 149,00",Ferdige middagsretter,"kr 186,25 per kg"
Middager og tilbehør,"Fiks ferdig, 2 Porsjoner, 800 g",Lasagne,"kr 109,00",Ferdige middagsretter,"kr 136,25 per kg"
Middager og tilbehør,"Fiks ferdig, 2 Porsjoner, 800 g",Chili Con Carne,"kr 119,00",Ferdige middagsretter,"kr 148,75 per kg"
Middager og tilbehør,"Fiks ferdig, 2 Porsjoner, 800 g",Fiskekakebiter i Hvit saus,"kr 99,00",Ferdige middagsretter,"kr 123,75 per kg"
Middager og tilbehør,"Fiks ferdig, 2 Porsjoner, 800 g",Kylling Tikka Masala,"kr 129,00",Ferdige middagsretter,"kr 161,25 per kg"
Middager og tilbehør,"Fiks ferdig, 2 Porsjoner, 800 g","Mac,Cheese & Bacon","kr 99,00",Ferdige middagsretter,"kr 123,75 per kg"
Middager og tilbehør,"Fiks ferdig, 2 Porsjoner, 800 g",Kylling GrønnCurry,"kr 129,00",Ferdige middagsretter,"kr 161,25 per kg"
Middager og tilbehør,"Fiks ferdig, 2 Porsjoner, 800 g",Linsegryte,"kr 89,90",Ferdige middagsretter,"kr 112,38 per kg"
Drikkevarer,"0,5 l",Soda Water,"kr 27,80",Brus,"kr 55,60 per l"
Drikkevarer,1 l,Tonic Zero,"kr 36,80",Brus,"kr 36,80 per l"
Drikkevarer,"0,5 l",Mint & Lime,"kr 26,40",Brus,"kr 52,80 per l"
Drikkevarer,"0,5 l",Bitter Lemon,"kr 26,80",Brus,"kr 53,60 per l"
Drikkevarer,"1,5 l",Champ X,"kr 23,10",Brus,"kr 15,40 per l"
Drikkevarer,"1,5 l",Cider X,"kr 27,40",Brus,"kr 18,27 per l"
Drikkevarer,"0,4 dl",Noisy ZERO Pære og Sitron,"kr 21,00",Brus,"kr 525,00 per l"
Drikkevarer,"1,5 l",Singo X,"kr 23,10",Brus,"kr 15,40 per l"
Drikkevarer,"0,5 l",7UP Free,"kr 27,10",Brus,"kr 54,20 per l"
"Shampo, såpe og hudpleie",1 stk,VitaLift 5 pump,"kr 164,40",Ansiktspleie,"kr 164,40 per stk"
"Shampo, såpe og hudpleie","Men Expert, 50 ml",Hydra Energetic Dagkrem,"kr 98,90",Ansiktspleie,"kr 1978,00 per l"
Hus og hjem,1 stk,Rivjern,"kr 69,90",Kjøkkenredskap,"kr 69,90 per stk"
Hus og hjem,"Konsentrat, 440 ml",Sodastream Pepsi Cola,"kr 99,90",Kjøkkenredskap,"kr 227,05 per l"
Hus og hjem,"1,5l, 1 stk",Matboks Glass,"kr 79,90",Kjøkkenredskap,"kr 79,90 per stk"
Hus og hjem,"Konsentrat, 440 ml",Sodastream 7Up Free Sitron,"kr 99,90",Kjøkkenredskap,"kr 227,05 per l"
Hus og hjem,1 stk,Brødkniv 20cm,"kr 199,90",Kjøkkenredskap,"kr 199,90 per stk"
Hus og hjem,1 stk,"Glasskrukke med lokk 1,0l","kr 49,90",Kjøkkenredskap,"kr 49,90 per stk"
Hus og hjem,1 stk,Knivsliper,"kr 129,90",Kjøkkenredskap,"kr 129,90 per stk"
Hus og hjem,1 stk,Blender Electrolux Esb2300,"kr 499,90",Kjøkkenredskap,"kr 499,90 per stk"
Hus og hjem,"Gullfarge, 1 stk",Bestikksett 24 deler,"kr 399,90",Kjøkkenredskap,"kr 399,90 per stk"
Mathall,"Med Skinn, ca. 400 g",Røkt Torskefilet,"kr 95,30",Fiskedisken,"kr 238,25 per kg"
Mathall,250 g,Kaldrøkt Laks,"kr 139,00",Fiskedisken,"kr 556,00 per kg"
Mathall,250 g,Røyksteamet Gravet Laks,"kr 139,00",Fiskedisken,"kr 556,00 per kg"
Mathall,250 g,Kaldrøkt Hval,"kr 139,00",Fiskedisken,"kr 556,00 per kg"
Mathall,1 kg,Kokt Kongekrabbe,"kr 599,00",Fiskedisken,"kr 599,00 per kg"
Mathall,"Str 50/70, 5 kg",Ekstra Store Frosne Reker,"kr 810,20",Fiskedisken,"kr 162,04 per kg"
Mathall,"Uten Skinn & Ben, 190 g",Gulfinnet Tunfiskfilet,"kr 36,30",Fiskedisken,"kr 191,05 per kg"
Brød og frokostblandinger,"2 stk, 160 g",True Style Chicago Hamburgerbrød,"kr 17,70","Pølse- og hamburgerbrød, lomper","kr 110,63 per kg"
Brød og frokostblandinger,"Glutenfri, 220 g",Pølsebrød,"kr 49,70","Pølse- og hamburgerbrød, lomper","kr 225,91 per kg"
Brød og frokostblandinger,"Gluten og Melkefritt, 480 g",Pølsebrød,"kr 56,10","Pølse- og hamburgerbrød, lomper","kr 116,88 per kg"
Brød og frokostblandinger,"4 stk, 260 g",Glutenfrie Pølsebrød,"kr 54,40","Pølse- og hamburgerbrød, lomper","kr 209,23 per kg"
Brød og frokostblandinger,"4 stk, 320 g",Glutenfrie Hamburgerbrød,"kr 55,80","Pølse- og hamburgerbrød, lomper","kr 174,38 per kg"
Brød og frokostblandinger,"Glutenfri, 300 g",Hamburgerbrød,"kr 50,60","Pølse- og hamburgerbrød, lomper","kr 168,67 per kg"
Brød og frokostblandinger,"Glutenfri, 280 g",Hamburgerbrød,"kr 51,90","Pølse- og hamburgerbrød, lomper","kr 185,36 per kg"
Hus og hjem,"1.2l, Tilfeldig Farge, 1 stk",Lunch Plus,"kr 68,90",Diverse husholdning,"kr 68,90 per stk"
Hus og hjem,"Cocraft, 1 stk",Målebånd 5m,"kr 119,90",Diverse husholdning,"kr 119,90 per stk"
Hus og hjem,2 stk,Optisk brannvarsler,"kr 199,90",Diverse husholdning,"kr 99,95 per stk"
Hus og hjem,1 stk,Paraply kompakt 103cm svart,"kr 79,90",Diverse husholdning,"kr 79,90 per stk"
Hus og hjem,1 stk,Personvekt Svart,"kr 219,90",Diverse husholdning,"kr 219,90 per stk"
Hus og hjem,28 stk,Poseklemmer,"kr 39,90",Diverse husholdning,"kr 1,43 per stk"
Hus og hjem,1 stk,Refill Tekstilrulle,"kr 29,90",Diverse husholdning,"kr 29,90 per stk"
Hus og hjem,"Hvit, 1 stk",Regnponcho,"kr 49,90",Diverse husholdning,"kr 49,90 per stk"
Mathall,"Sambazon, 400 g",Acai Puré Usøtet,"kr 62,00","Iskrem, søtsaker og snacks","kr 155,00 per kg"
Mathall,"0,47 l",Candy Bar,"kr 83,10","Iskrem, søtsaker og snacks","kr 176,81 per l"
Mathall,"0,47 l",Chocolate Chip Cookie Dough,"kr 83,10","Iskrem, søtsaker og snacks","kr 176,81 per l"
Mathall,"0,47 l",Sea Salt Caramel,"kr 83,10","Iskrem, søtsaker og snacks","kr 176,81 per l"
Mathall,110 g,Crème Brûlée,"kr 48,40","Iskrem, søtsaker og snacks","kr 440,00 per kg"
Mathall,2 stk,Moccapudding,"kr 52,80","Iskrem, søtsaker og snacks","kr 155,29 per kg"
"Shampo, såpe og hudpleie",200 ml,Dry Shampo Brunette,"kr 46,80",Shampo og hårprodukter,"kr 234,00 per l"
"Shampo, såpe og hudpleie","Uten Parfyme, 250 ml",Neutral Kids Shampo,"kr 43,80",Shampo og hårprodukter,"kr 175,20 per l"
"Shampo, såpe og hudpleie","Kids, 150 ml",Balsamspray,"kr 40,10",Shampo og hårprodukter,"kr 267,33 per l"
"Shampo, såpe og hudpleie",250 ml,Shampo Baby,"kr 31,70",Shampo og hårprodukter,"kr 126,80 per l"
"Shampo, såpe og hudpleie","Mot Lus, 100 ml",10 Minutter Linicin Shampoo,"kr 220,70",Shampo og hårprodukter,"kr 2207,00 per l"
"Shampo, såpe og hudpleie",500 ml,Shampo,"kr 13,60",Shampo og hårprodukter,"kr 27,20 per l"
"Shampo, såpe og hudpleie",500 ml,Balsam,"kr 13,60",Shampo og hårprodukter,"kr 27,20 per l"
Brød og frokostblandinger,"Fine, 6stk, 480 g",Pitabrød,"kr 27,40",Frosne brød og rundstykker,"kr 57,08 per kg"
Brød og frokostblandinger,"6 stk, 390 g",Mini Pizzabunn,"kr 43,60",Frosne brød og rundstykker,"kr 111,79 per kg"
Brød og frokostblandinger,"10stk, 600 g",Grove Rundstykker,"kr 29,70",Frosne brød og rundstykker,"kr 49,50 per kg"
Brød og frokostblandinger,"10 stk, 500 g",Danske Rundstykker,"kr 35,60",Frosne brød og rundstykker,"kr 71,20 per kg"
Brød og frokostblandinger,"2 stk, 230 g",Glutenfrie Pitabrød,"kr 52,40",Frosne brød og rundstykker,"kr 227,83 per kg"
Brød og frokostblandinger,"4 stk, 260 g",Glutenfrie Rundstykker,"kr 61,90",Frosne brød og rundstykker,"kr 238,08 per kg"
Brød og frokostblandinger,320 g,Glutenfrie Havrestykker,"kr 69,40",Frosne brød og rundstykker,"kr 216,88 per kg"
Hus og hjem,"50 ark, 1 stk",Notisblokk,"kr 23,10",Kontor,"kr 23,10 per stk"
Hus og hjem,"50 ark, 1 stk",Postblokken A5 med linjer,"kr 18,60",Kontor,"kr 18,60 per stk"
Hus og hjem,"40 ark, 1 stk",Tegneblokk,"kr 33,80",Kontor,"kr 33,80 per stk"
Hus og hjem,"Hard plast, Assorterte farger, 1 stk",Notatblokk A5,"kr 43,80",Kontor,"kr 43,80 per stk"
Hus og hjem,"Hvit, 10 stk",Konvolutter C5,"kr 23,80",Kontor,"kr 2,38 per stk"
Hus og hjem,"Hvit, 20 stk",Konvolutter C6,"kr 18,10",Kontor,"kr 0,91 per stk"
Hus og hjem,1 stk,Korrektur Roller,"kr 24,80",Kontor,"kr 24,80 per stk"
Hus og hjem,2 stk,Scotch Limstift,"kr 33,10",Kontor,"kr 16,55 per stk"
Hus og hjem,"33 cm, 50 stk",Servietter Hvit,"kr 29,20",Engangs og Servietter,"kr 0,58 per stk"
Hus og hjem,"Hvit & Grå, 75 stk",Servietter Bordpakning,"kr 31,10",Engangs og Servietter,"kr 0,41 per stk"
Hus og hjem,50 stk,Servietter Champagne,"kr 32,90",Engangs og Servietter,"kr 0,66 per stk"
Hus og hjem,"22 cm, 8 stk",Papptallerken Bursdag Assortert,"kr 22,60",Engangs og Servietter,"kr 2,83 per stk"
Hus og hjem,"22 cm, 8 stk",Papptallerken,"kr 22,60",Engangs og Servietter,"kr 2,83 per stk"
Hus og hjem,"23cm, 20 stk",Papptallerken Firkantet,"kr 40,10",Engangs og Servietter,"kr 2,01 per stk"
Hus og hjem,30 stk,Telys 8 Timer,"kr 45,90",Stearinlys,"kr 1,53 per stk"
Hus og hjem,"10 Timer, 12 stk",Telys Maxi,"kr 45,00",Stearinlys,"kr 3,75 per stk"
Hus og hjem,4 stk,Telys Maxi Champagne,"kr 33,10",Stearinlys,"kr 8,28 per stk"
Hus og hjem,50 stk,Telys 100% stearin,"kr 49,90",Stearinlys,"kr 1,00 per stk"
Hus og hjem,"4 timer, 100 stk",Prima Telys,"kr 53,90",Stearinlys,"kr 0,54 per stk"
Hus og hjem,"24 cm, 10 stk",Kronelys Hvit,"kr 49,10",Stearinlys,"kr 4,91 per stk"
Hus og hjem,"24 cm, 10 stk",Kronelys Champagne,"kr 43,20",Stearinlys,"kr 4,32 per stk"
Hus og hjem,"7x15cm, 1 stk",Kubbelys Stearin,"kr 38,40",Stearinlys,"kr 38,40 per stk"
Hus og hjem,"7x15 cm, 1 stk",Kubbelys Hvit,"kr 31,10",Stearinlys,"kr 31,10 per stk"
Brød og frokostblandinger,"Med Oliven, 500 g",Focaccia,"kr 49,90",Ferske brød,"kr 99,80 per kg"
Brød og frokostblandinger,1 stk,Fransk Surdeigsbrød,"kr 49,90",Ferske brød,"kr 71,29 per kg"
Brød og frokostblandinger,1 stk,Nybakt Økologisk Speltbrød,"kr 59,90",Ferske brød,"kr 77,79 per kg"
Brød og frokostblandinger,1 stk,7-kornbrød,"kr 42,50",Ferske brød,"kr 60,71 per kg"
Brød og frokostblandinger,"Ferskt, 1 stk",Solsikkebrød,"kr 41,40",Ferske brød,"kr 53,77 per kg"
Brød og frokostblandinger,1 stk,Ferskt Gulrotbrød,"kr 39,90",Ferske brød,"kr 66,50 per kg"
Brød og frokostblandinger,1 stk,Steinovnsbakt Brød,"kr 32,90",Ferske brød,"kr 54,83 per kg"
Brød og frokostblandinger,1 stk,Formbakt Grovbrød,"kr 35,20",Ferske brød,"kr 45,71 per kg"
Hus og hjem,"2w, Illum, 136lm, 2 stk",LED-pære E14,"kr 69,90",Lyspærer,"kr 34,95 per stk"
Hus og hjem,"6w, 2 stk",LED-pære E27,"kr 69,90",Lyspærer,"kr 34,95 per stk"
Hus og hjem,1 stk,Illumpære led E14 2W 136lm,"kr 39,90",Lyspærer,"kr 39,90 per stk"
Hus og hjem,1 stk,"Led Osram Gu10 Dimbar 4,1w 230 Lm","kr 99,90",Lyspærer,"kr 99,90 per stk"
Hus og hjem,"4w, 230lm, 2 stk",LED-pære GU10,"kr 79,90",Lyspærer,"kr 39,95 per stk"
Hus og hjem,"35w, Gu5.3, 12v Varmhvit, 1 stk",Lyspære Led Spot,"kr 61,70",Lyspærer,"kr 61,70 per stk"
Tørkepapir og vaskemidler,70 stk,Maskinoppvask Original Alt-i-Ett,"kr 115,60",Oppvask,"kr 1,65 per stk"
Tørkepapir og vaskemidler,"16 Tabletter, 16 stk",Yes Maskinoppvask Platinum,"kr 52,10",Oppvask,"kr 3,26 per stk"
Tørkepapir og vaskemidler,18 tablett,Alt i 1 Active Power,"kr 49,50",Oppvask,"kr 2,75 per tablett"
Tørkepapir og vaskemidler,"Refill, 755 g",Extra power,"kr 45,80",Oppvask,"kr 60,66 per kg"
Tørkepapir og vaskemidler,22 stk,Oppvasktabletter,"kr 59,80",Oppvask,"kr 2,72 per stk"
Tørkepapir og vaskemidler,"tabletter, 16 tablett",Maskinoppvask,"kr 45,10",Oppvask,"kr 2,82 per tablett"
Tørkepapir og vaskemidler,40 stk,Maskinoppvasktabletter,"kr 33,80",Oppvask,"kr 0,85 per stk"
Tørkepapir og vaskemidler,1 kg,Maskinoppvaskpulver,"kr 36,30",Oppvask,"kr 36,30 per kg"
Tørkepapir og vaskemidler,500 ml,Zalo Ultra Oppvask,"kr 29,60",Oppvask,"kr 59,20 per l"
"Shampo, såpe og hudpleie",200 ml,Rik & Pleiende Bodylotion,"kr 47,40",Hudpleie,"kr 237,00 per l"
Tørkepapir og vaskemidler,975 g,Neutral Color,"kr 51,80",Klesvask,"kr 1,99 per vask"
Mathall,Til ca. 4 Personer,Hellstrøms Ytrefilet av Angus,"kr 496,40",Kjøttdisken,"kr 620,50 per kg"
Hus og hjem,"29cm, 20 m",Aluminiumsfolie,"kr 27,00",Poser og folie,"kr 1,35 per m"
Pålegg,120 g,Renskåret Strandaskinke,"kr 58,20",Spekemat og salami,"kr 485,00 per kg"
Pålegg,"Økologisk, 255 g",Slegge Chili Salami,"kr 121,90",Spekemat og salami,"kr 478,04 per kg"
Pålegg,50 g,Red Devil Spekepølse,"kr 20,70",Spekemat og salami,"kr 414,00 per kg"
Pålegg,55 g,Kompis Spekesnacks Original,"kr 29,10",Spekemat og salami,"kr 529,09 per kg"
Pålegg,"Modnet 24 mnd, 80 g",Tronfjell Velhengt Spekeskinke I Skiver,"kr 64,90",Spekemat og salami,"kr 811,25 per kg"
Pålegg,50 g,Spekepølse Full Steam Ipa,"kr 20,70",Spekemat og salami,"kr 414,00 per kg"
Pålegg,70 g,Fjordskinke,"kr 31,60",Spekemat og salami,"kr 451,43 per kg"
Pålegg,"Salami, 130 g",Siliana Topping,"kr 31,20",Spekemat og salami,"kr 240,00 per kg"
"Shampo, såpe og hudpleie",500 ml,Håndsåpe Refill,"kr 31,90",Håndsåpe,"kr 63,80 per l"
"Shampo, såpe og hudpleie",300 ml,Klar Håndsåpe,"kr 42,40",Håndsåpe,"kr 141,33 per l"
"Shampo, såpe og hudpleie",100 ml,BarrierTech Hånddesinfeksjon,"kr 49,90",Håndsåpe,"kr 499,00 per l"
"Shampo, såpe og hudpleie","Uten Såpe og Vann, 50 ml",Rene Hender,"kr 23,00",Håndsåpe,"kr 460,00 per l"
"Shampo, såpe og hudpleie","Assortert Type, 300 ml",Håndsåpe,"kr 23,40",Håndsåpe,"kr 78,00 per l"
"Shampo, såpe og hudpleie","Assortert Type, 600 ml",Håndsåpe Refill,"kr 44,30",Håndsåpe,"kr 73,83 per l"
Brød og frokostblandinger,260 g,Naan Bread,"kr 27,60",Langtidsholdbare brød,"kr 106,15 per kg"
Brød og frokostblandinger,260 g,Naan Bread Garlic,"kr 28,10",Langtidsholdbare brød,"kr 108,08 per kg"
Brød og frokostblandinger,260 g,Nirus Håndlagde Nan,"kr 36,80",Langtidsholdbare brød,"kr 141,54 per kg"
Brød og frokostblandinger,260 g,Nirus Håndlagde Hvitløksnan,"kr 38,90",Langtidsholdbare brød,"kr 149,62 per kg"
Brød og frokostblandinger,"4 stk, 240 g",Naanbrød Original Mini,"kr 31,60",Langtidsholdbare brød,"kr 131,67 per kg"
Brød og frokostblandinger,"8x75g, 600 g",Minibaguetter Fine,"kr 25,90",Langtidsholdbare brød,"kr 43,17 per kg"
Brød og frokostblandinger,"8x75g, 600 g",Minibaguetter Grove,"kr 24,90",Langtidsholdbare brød,"kr 41,50 per kg"
Brød og frokostblandinger,"6 x 50g, 300 g",Rundstykker Fine,"kr 12,40",Langtidsholdbare brød,"kr 41,33 per kg"
Drikkevarer,"1,5 l",Grans Taffel med Kullsyre,"kr 13,00",Vann og mineralvann,"kr 8,67 per l"
Drikkevarer,"1,5 l",Grans Taffel Med Lime,"kr 13,00",Vann og mineralvann,"kr 8,67 per l"
Drikkevarer,"1,5 l",Grans Taffel Eple,"kr 13,00",Vann og mineralvann,"kr 8,67 per l"
Drikkevarer,"1,5 l",Grans Taffel Fersken,"kr 13,40",Vann og mineralvann,"kr 8,93 per l"
Drikkevarer,"0,5 l",Farris Bris Sitron & Sitrongress,"kr 19,90",Vann og mineralvann,"kr 39,80 per l"
Drikkevarer,"0,5 l",Farris Bris Bringebær & Limonade,"kr 19,90",Vann og mineralvann,"kr 39,80 per l"
Drikkevarer,"0,5 l",Farris Bris Mango & Papaya,"kr 19,90",Vann og mineralvann,"kr 39,80 per l"
Drikkevarer,"0,5 l",Farris Bris Jordbær & Kiwi,"kr 19,90",Vann og mineralvann,"kr 39,80 per l"
Brød og frokostblandinger,200 g,Kornmoknekkebrød Havre & Solsikke,"kr 32,80",Knekkebrød,"kr 164,00 per kg"
Brød og frokostblandinger,290 g,Knekkebrød Runde Sesam & Havsalt,"kr 50,50",Knekkebrød,"kr 174,14 per kg"
Brød og frokostblandinger,330 g,Knekkebrød Runde Kanel,"kr 44,80",Knekkebrød,"kr 135,76 per kg"
Brød og frokostblandinger,260 g,Din Stund Chia & Havsalt,"kr 26,40",Knekkebrød,"kr 101,54 per kg"
Brød og frokostblandinger,"Gluten- og laktosefritt, 240 g",Knekkebrød Naturell,"kr 49,80",Knekkebrød,"kr 207,50 per kg"
Mathall,220 g,Prima Donna Fino,"kr 82,20",Ostedisken,"kr 373,64 per kg"
Mathall,250 g,Camembert,"kr 50,30",Ostedisken,"kr 201,20 per kg"
Mathall,"Økologisk, 150 g",Mini Brie,"kr 48,50",Ostedisken,"kr 323,33 per kg"
Mathall,150 g,Tine Dovretinde,,Ostedisken,"kr 253,33 per kg"
Mathall,150 g,Økologisk Brie,,Ostedisken,"kr 226,67 per kg"
Mathall,150 g,Norsk Brie,,Ostedisken,"kr 244,27 per kg"
Mathall,300 g,Balsfjord,,Ostedisken,"kr 209,07 per kg"
Mathall,200 g,Økologisk Provenceskinke Skivet,"kr 99,00",Pålegg og spekemat,"kr 495,00 per kg"
Mathall,200 g,Røkt Skinke,"kr 100,90",Pålegg og spekemat,"kr 504,50 per kg"
Mathall,200 g,Salami Skivet,"kr 105,60",Pålegg og spekemat,"kr 528,00 per kg"
Mathall,200 g,Vikingskinke i Skiver,"kr 91,60",Pålegg og spekemat,"kr 458,00 per kg"
Mathall,"I Skiver, 200 g",Spekeskinke,"kr 119,00",Pålegg og spekemat,"kr 595,00 per kg"
Mathall,"Med Oliven, 100 g",Provenceskinke,"kr 31,10",Pålegg og spekemat,"kr 311,00 per kg"
Mathall,100 g,Roastbiff,"kr 35,30",Pålegg og spekemat,"kr 353,00 per kg"
Brød og frokostblandinger,375 g,Coco Pops,"kr 32,80",Frokostblandinger og gryn,"kr 87,47 per kg"
Brød og frokostblandinger,500 g,Corn Flakes,"kr 29,00",Frokostblandinger og gryn,"kr 58,00 per kg"
Brød og frokostblandinger,500 g,All-Bran Regular Flakes,"kr 28,80",Frokostblandinger og gryn,"kr 57,60 per kg"
Brød og frokostblandinger,375 g,Froot Loops,"kr 38,70",Frokostblandinger og gryn,"kr 103,20 per kg"
Brød og frokostblandinger,375 g,Fitness Frokostblanding,"kr 32,90",Frokostblandinger og gryn,"kr 87,73 per kg"
Brød og frokostblandinger,54 g,Supergrøt Kanel & Puffet Quinoa,"kr 13,40",Frokostblandinger og gryn,"kr 248,15 per kg"
Brød og frokostblandinger,750 g,Crunchy Müsli,"kr 25,80",Frokostblandinger og gryn,"kr 34,40 per kg"
Middager og tilbehør,450 g,Butter Chicken,"kr 49,90",Ferdige middagsretter,"kr 110,89 per kg"
Middager og tilbehør,450 g,Chicken Korma,"kr 49,90",Ferdige middagsretter,"kr 110,89 per kg"
Middager og tilbehør,450 g,Red Chicken Curry,"kr 49,90",Ferdige middagsretter,"kr 110,89 per kg"
Middager og tilbehør,400 g,Lasagne Bolognese,"kr 49,90",Ferdige middagsretter,"kr 124,75 per kg"
Middager og tilbehør,400 g,Pasta Carbonara,"kr 42,90",Ferdige middagsretter,"kr 107,25 per kg"
Middager og tilbehør,400 g,Veggie Lasagne,"kr 39,90",Ferdige middagsretter,"kr 99,75 per kg"
Middager og tilbehør,450 g,Veggie Curry,"kr 42,90",Ferdige middagsretter,"kr 95,33 per kg"
Middager og tilbehør,530 g,"Suppe med Gulrøtter, Chili & Ingefær","kr 59,80",Ferdige middagsretter,"kr 112,83 per kg"
Middager og tilbehør,630 g,Juletallerken,"kr 92,90",Ferdige middagsretter,"kr 147,46 per kg"
Drikkevarer,"1,5 l",Eventyrbrus,"kr 35,80",Brus,"kr 23,87 per l"
Drikkevarer,"0,5 l",Ginger Ale,"kr 27,80",Brus,"kr 55,60 per l"
Drikkevarer,"0,5 l",Mozell Light,"kr 27,50",Brus,"kr 55,00 per l"
Drikkevarer,"6x0,33l, 1,98 l",Aass Vørterøl,"kr 77,30",Brus,"kr 39,04 per l"
Drikkevarer,"6 x 0,33l, 1,98 l",Ringnes Vørterøl,"kr 90,80",Brus,"kr 45,86 per l"
Drikkevarer,"6 x 0,33l, 1,98 l",Ringnes Vørterøl Flaske,"kr 116,50",Brus,"kr 58,84 per l"
Drikkevarer,250 ml,Kombucha Ingefær,"kr 59,00",Brus,"kr 236,00 per l"
Hus og hjem,1 stk,Kniver 4-pack,"kr 139,90",Kjøkkenredskap,"kr 139,90 per stk"
Hus og hjem,1 stk,Kokkekniv Coline 20cm,"kr 199,90",Kjøkkenredskap,"kr 199,90 per stk"
Hus og hjem,1 stk,Isbitform 16 biter,"kr 19,90",Kjøkkenredskap,"kr 19,90 per stk"
Hus og hjem,1 stk,Luftfrityrkoker,"kr 799,00",Kjøkkenredskap,"kr 799,00 per stk"
Hus og hjem,1 stk,Kjøleskapsoppbevaring for egg,"kr 79,90",Kjøkkenredskap,"kr 79,90 per stk"
Hus og hjem,1 stk,Ekstra blad komfyr og glass-skrape,"kr 49,90",Kjøkkenredskap,"kr 49,90 per stk"
Hus og hjem,1 stk,Vannkoker Coline Sort,"kr 399,90",Kjøkkenredskap,"kr 399,90 per stk"
Hus og hjem,"35 x 24 x 7 cm, 1 stk",Ildfastform oval,"kr 99,90",Kjøkkenredskap,"kr 99,90 per stk"
Mathall,30 g,Russisk Størkaviar,"kr 456,60",Fiskedisken,"kr 15220,00 per kg"
Mathall,"Sprø Biter, 100 g",Tørrfisksnacks,"kr 177,90",Fiskedisken,"kr 1779,00 per kg"
Mathall,100 g,Tørrfisksnacks Filet,"kr 155,90",Fiskedisken,"kr 1559,00 per kg"
Mathall,"Utvannet, 400 g",Klippfisk Loin Uten Skinn og Bein,"kr 124,90",Fiskedisken,"kr 312,25 per kg"
Mathall,ca. 500 g,Vellagret Rakfisk,"kr 189,00",Fiskedisken,"kr 378,00 per kg"
Brød og frokostblandinger,"Gluten og Melkefritt, 4 stk, 320 g",Hamburgerbrød,"kr 56,10","Pølse- og hamburgerbrød, lomper","kr 175,31 per kg"
Brød og frokostblandinger,5 stk,Fjellmandel Lefserull,"kr 34,90","Pølse- og hamburgerbrød, lomper","kr 6,98 per stk"
Hus og hjem,"Transparent, 1 stk",Regnponcho,"kr 49,90",Diverse husholdning,"kr 49,90 per stk"
Hus og hjem,"Tilfeldig Farge, 1 stk",Sistema Drikkeflaske 475ml,"kr 78,90",Diverse husholdning,"kr 78,90 per stk"
Mathall,330 g,Panna Cotta,"kr 42,20","Iskrem, søtsaker og snacks","kr 127,88 per kg"
Mathall,2 stk,Karamellpudding,"kr 52,80","Iskrem, søtsaker og snacks","kr 155,29 per kg"
Mathall,2 stk,Sjokoladepudding,"kr 52,80","Iskrem, søtsaker og snacks","kr 155,29 per kg"
Mathall,"9 Biter, 100 g",Sjokoladefryd Gaveeske,"kr 229,00","Iskrem, søtsaker og snacks","kr 2290,00 per kg"
Mathall,65 g,Turglede Hvit Sjokolade og Bringebær,"kr 64,90","Iskrem, søtsaker og snacks","kr 998,46 per kg"
Mathall,65 g,Turglede Hvit Sjokolade og Pasjonsfrukt,"kr 64,90","Iskrem, søtsaker og snacks","kr 998,46 per kg"
Mathall,65 g,Turglede Hvit Sjokolade og Solbær,"kr 64,90","Iskrem, søtsaker og snacks","kr 998,46 per kg"
Mathall,65 g,Turglede Sjokolade Med Lakris,"kr 46,80","Iskrem, søtsaker og snacks","kr 720,00 per kg"
"Shampo, såpe og hudpleie",250 ml,Dobbeldusj Sport,"kr 17,90",Shampo og hårprodukter,"kr 71,60 per l"
"Shampo, såpe og hudpleie",150 ml,Mineral & Control Clean Gel,"kr 44,80",Shampo og hårprodukter,"kr 298,67 per l"
"Shampo, såpe og hudpleie",80 ml,Men Moulding Clay,"kr 92,90",Shampo og hårprodukter,"kr 1161,25 per l"
"Shampo, såpe og hudpleie",1 stk,Tørrshampo 75ml vegan,"kr 29,90",Shampo og hårprodukter,"kr 29,90 per stk"
"Shampo, såpe og hudpleie",200 ml,Brunettes Dry Shampoo,"kr 77,60",Shampo og hårprodukter,"kr 388,00 per l"
"Shampo, såpe og hudpleie",250 ml,Hairspray Extreme Hold,"kr 76,80",Shampo og hårprodukter,"kr 307,20 per l"
"Shampo, såpe og hudpleie",200 ml,Pure Volume Mousse,"kr 76,80",Shampo og hårprodukter,"kr 384,00 per l"
"Shampo, såpe og hudpleie",200 ml,Define Instant Volume Spray,"kr 72,60",Shampo og hårprodukter,"kr 363,00 per l"
"Shampo, såpe og hudpleie",300 ml,Hårspray Extra Firm,"kr 42,20",Shampo og hårprodukter,"kr 140,67 per l"
Brød og frokostblandinger,"4 stk, 420 g",Glutenfrie Fiberrundstykker,"kr 68,40",Frosne brød og rundstykker,"kr 162,86 per kg"
Brød og frokostblandinger,420 g,Hatting Fullkorns Møllehjul,"kr 39,80",Frosne brød og rundstykker,"kr 94,76 per kg"
Brød og frokostblandinger,400 g,Grove Pitabrød,"kr 34,40",Frosne brød og rundstykker,"kr 86,00 per kg"
Brød og frokostblandinger,520 g,Grove Fullkornsstykker,"kr 43,70",Frosne brød og rundstykker,"kr 84,04 per kg"
Brød og frokostblandinger,"6 stk, 402 g",Grønnsakstykker,"kr 42,90",Frosne brød og rundstykker,"kr 106,72 per kg"
Brød og frokostblandinger,480 g,Solsikkestykker,"kr 43,60",Frosne brød og rundstykker,"kr 90,83 per kg"
Brød og frokostblandinger,"7 stk, 420 g",Veggen Spelt,"kr 43,40",Frosne brød og rundstykker,"kr 103,33 per kg"
Brød og frokostblandinger,"7stk, 437,5 g",Gourmetstykker,"kr 41,40",Frosne brød og rundstykker,"kr 94,63 per kg"
Hus og hjem,100 stk,Binders,"kr 17,60",Kontor,"kr 0,18 per stk"
Hus og hjem,1 stk,Saks m/Softgrip,"kr 35,60",Kontor,"kr 35,60 per stk"
Hus og hjem,1 stk,12v USB Lader Micro-USB,"kr 159,90",Kontor,"kr 159,90 per stk"
Hus og hjem,1 stk,Brilleservietter,"kr 39,90",Kontor,"kr 39,90 per stk"
Hus og hjem,3 stk,Collegeblokk A4 Linjer,"kr 39,90",Kontor,"kr 13,30 per stk"
Hus og hjem,3 stk,Collegeblokk A4 Ruter,"kr 39,90",Kontor,"kr 13,30 per stk"
Hus og hjem,3 stk,Collegeblokk A5 Linjert,"kr 39,90",Kontor,"kr 13,30 per stk"
Hus og hjem,3 stk,Collegeblokk A5 Rutet,"kr 39,90",Kontor,"kr 13,30 per stk"
Hus og hjem,"2 meter, 1 stk",HDMI-kabel,"kr 199,90",Kontor,"kr 199,90 per stk"
Hus og hjem,1 stk,Powerbank Usb-c 10050mah,"kr 399,90",Kontor,"kr 399,90 per stk"
Hus og hjem,"22 cm, 50 stk",Papptallerken,"kr 32,20",Engangs og Servietter,"kr 0,64 per stk"
Hus og hjem,"18 cm, 25 stk",Papptallerken,"kr 27,60",Engangs og Servietter,"kr 1,10 per stk"
Hus og hjem,"19 cm, 25 stk",Papptallerken Dyp,"kr 29,90",Engangs og Servietter,"kr 1,20 per stk"
Hus og hjem,"4 cl, 30 stk",Shotglass,"kr 28,60",Engangs og Servietter,"kr 0,95 per stk"
Hus og hjem,"180 ml, 6 stk",Vinglass i Plast,"kr 30,10",Engangs og Servietter,"kr 5,02 per stk"
Hus og hjem,6 stk,Champagneglass i Plast,"kr 29,60",Engangs og Servietter,"kr 4,93 per stk"
Hus og hjem,"0,5l, 25 stk",Ølglass Plast,"kr 41,40",Engangs og Servietter,"kr 1,66 per stk"
Hus og hjem,"7x15 cm, 1 stk",Kubbelys Champagne,"kr 39,10",Stearinlys,"kr 39,10 per stk"
Hus og hjem,"7x10cm, 1 stk",Kubbelys Stearin,"kr 31,10",Stearinlys,"kr 31,10 per stk"
Hus og hjem,"7x10 cm, 1 stk",Kubbelys Hvit,"kr 30,60",Stearinlys,"kr 30,60 per stk"
Hus og hjem,"7x15 cm, 1 stk",Kubbelys Lilla 4,"kr 39,10",Stearinlys,"kr 39,10 per stk"
Hus og hjem,"7x15 cm, 1 stk",Kubbelys Lys Blå,"kr 39,10",Stearinlys,"kr 39,10 per stk"
Hus og hjem,"7x15 cm, 1 stk",Kubbelys Dusty Coral,"kr 39,10",Stearinlys,"kr 39,10 per stk"
Hus og hjem,"55 timer, 2 stk",Oljelys,"kr 28,10",Stearinlys,"kr 14,05 per stk"
Hus og hjem,"24 cm, 10 stk",Kronelys Lilla,"kr 33,80",Stearinlys,"kr 3,38 per stk"
Brød og frokostblandinger,"Ferskt, 1 stk",Havrebrød,"kr 32,10",Ferske brød,"kr 41,69 per kg"
Brød og frokostblandinger,1 stk,Dansk Rugbrød,"kr 40,90",Ferske brød,"kr 51,13 per kg"
Brød og frokostblandinger,1 stk,Muslibrød,"kr 42,90",Ferske brød,"kr 55,00 per kg"
Brød og frokostblandinger,1 stk,Familiebrød,"kr 34,10",Ferske brød,"kr 44,29 per kg"
Brød og frokostblandinger,550 g,Steinovnsbakt Loff,"kr 36,90",Ferske brød,"kr 67,09 per kg"
Brød og frokostblandinger,"Helt, 1 stk",Lurebrød,"kr 31,10",Ferske brød,"kr 40,39 per kg"
Brød og frokostblandinger,"Oppskåret, 1 stk",Havrebrød,"kr 40,30",Ferske brød,"kr 52,34 per kg"
Hus og hjem,"20w, Gu4 Spotpære Varmhvit, 1 stk",Lyspære Led,"kr 81,70",Lyspærer,"kr 81,70 per stk"
Hus og hjem,"5.5w, Varmhvit Lys, Smart Spotpære, 1 stk",Hue White GU10,"kr 232,20",Lyspærer,"kr 232,20 per stk"
Hus og hjem,"R63, 60w, E27 Varmhvit 36d Dim, 1 stk",Lyspære Led Reflektor,"kr 102,70",Lyspærer,"kr 102,70 per stk"
Hus og hjem,"R50, 60w, E14 Varmhvit 36d Dim, 1 stk",Lyspære Led Reflektor,"kr 91,70",Lyspærer,"kr 91,70 per stk"
Hus og hjem,"35w, Gu10, 230v, 1 stk",Lyspære Led,"kr 52,80",Lyspærer,"kr 52,80 per stk"
Hus og hjem,"Eco Linear 240w R7s Dimbar, 1 stk",Halogen,"kr 59,40",Lyspærer,"kr 59,40 per stk"
Hus og hjem,"15w, Lengde 44cm, 1 stk",Lysrør Master,"kr 44,80",Lyspærer,"kr 44,80 per stk"
Hus og hjem,"Batteri kjøpes separat (LR20), 1 stk",Ledpære uten ledning,"kr 79,90",Lyspærer,"kr 79,90 per stk"
Tørkepapir og vaskemidler,500 ml,Zalo Ultra Epleblomst,"kr 38,20",Oppvask,"kr 76,40 per l"
Tørkepapir og vaskemidler,500 ml,Zalo Frisk Sitron,"kr 38,20",Oppvask,"kr 76,40 per l"
Tørkepapir og vaskemidler,500 ml,Zalo Oppvaskspray,"kr 41,60",Oppvask,"kr 83,20 per l"
Tørkepapir og vaskemidler,500 ml,Sunlight,"kr 30,40",Oppvask,"kr 60,80 per l"
Tørkepapir og vaskemidler,500 ml,Klar Oppvaskmiddel,"kr 47,80",Oppvask,"kr 95,60 per l"
"Shampo, såpe og hudpleie",200 ml,Aloe Vera Body Lotion,"kr 52,80",Hudpleie,"kr 264,00 per l"
"Shampo, såpe og hudpleie",75 ml,Advanced Repair Hand Cream,"kr 41,60",Hudpleie,"kr 554,67 per l"
"Shampo, såpe og hudpleie",250 ml,Body Lotion,"kr 62,80",Hudpleie,"kr 251,20 per l"
"Shampo, såpe og hudpleie",100 ml,Intensive Repair Creme,"kr 62,50",Hudpleie,"kr 625,00 per l"
"Shampo, såpe og hudpleie",100 ml,Håndkrem,"kr 33,90",Hudpleie,"kr 339,00 per l"
"Shampo, såpe og hudpleie",200 ml,Bodylotion,"kr 44,30",Hudpleie,"kr 221,50 per l"
"Shampo, såpe og hudpleie",150 ml,Men Body And Face Cream,"kr 56,20",Hudpleie,"kr 374,67 per l"
Tørkepapir og vaskemidler,975 g,Neutral Hvitvask,"kr 52,40",Klesvask,"kr 2,02 per vask"
Tørkepapir og vaskemidler,"5,27 kg",Neutral Storvask,"kr 179,20",Klesvask,"kr 2,33 per vask"
Tørkepapir og vaskemidler,"4,5 kg",OMO Color,"kr 177,60",Klesvask,"kr 1,69 per vask"
Tørkepapir og vaskemidler,"4,5 kg",OMO Ultra Hvitt,"kr 182,60",Klesvask,"kr 1,83 per vask"
Tørkepapir og vaskemidler,"1,17 kg",Omo Color,"kr 57,90",Klesvask,"kr 2,14 per vask"
Tørkepapir og vaskemidler,"1,17 kg",Omo Ultra Hvitt,"kr 58,00",Klesvask,"kr 2,23 per vask"
Tørkepapir og vaskemidler,"1,04 kg",Blenda Sensitive Farget,"kr 52,80",Klesvask,"kr 2,20 per vask"
Tørkepapir og vaskemidler,"1,04 kg",Blenda Sensitive Hvitt,"kr 53,80",Klesvask,"kr 2,24 per vask"
Mathall,Til ca. 2 Personer,Hellstrøms Entrecote av Angus,"kr 232,30",Kjøttdisken,"kr 580,75 per kg"
Mathall,4 stk,Hellstrøms Salsiccia Rå,"kr 89,90",Kjøttdisken,"kr 224,75 per kg"
Mathall,ca. 350 g,Entrecote Av Lam Med Hvit Geitost,"kr 99,00",Kjøttdisken,"kr 282,86 per kg"
Mathall,ca. 1 kg,Indrefilet av Kalv Med Parmaskinke og Parmesan,"kr 569,00",Kjøttdisken,"kr 569,00 per kg"
Mathall,"Til 3-4 Personer, 800 g",Hellstrøms Côte De Boeuf av Angus,"kr 528,00",Kjøttdisken,"kr 660,00 per kg"
Mathall,"Marinert Med Lakris og Chili, ca. 500 g",Svinenakke Fylt Med Tranebær og Chevre,"kr 109,00",Kjøttdisken,"kr 218,00 per kg"
Hus og hjem,"44cm, 10 m",Grillfolie,"kr 23,60",Poser og folie,"kr 2,36 per m"
Hus og hjem,"44 cm, 10 m",Glad Aluminiumsfolie,"kr 36,10",Poser og folie,"kr 3,61 per m"
Hus og hjem,18 stk,Bakepapir Ark,"kr 16,50",Poser og folie,"kr 0,92 per stk"
Hus og hjem,20 m,Bakepapir Rull,"kr 32,80",Poser og folie,"kr 1,64 per m"
Hus og hjem,5 stk,Stor Sekk til Panteflasker,"kr 12,90",Poser og folie,"kr 2,58 per stk"
Hus og hjem,"6l, 100 stk",Brødpose,"kr 22,30",Poser og folie,"kr 0,22 per stk"
Hus og hjem,"3 l, 20 stk",Lynlåspose,"kr 20,70",Poser og folie,"kr 1,04 per stk"
Hus og hjem,60 m,Plastfolie,"kr 34,90",Poser og folie,"kr 0,58 per m"
Hus og hjem,50 m,Glad Plastfolie,"kr 33,00",Poser og folie,"kr 0,66 per m"
"Shampo, såpe og hudpleie","Pumpeflaske, 300 ml",Lano Flytende Håndsåpe,"kr 24,90",Håndsåpe,"kr 83,00 per l"
"Shampo, såpe og hudpleie","Refill, 300 ml",Lano Håndsåpe,"kr 21,00",Håndsåpe,"kr 70,00 per l"
"Shampo, såpe og hudpleie",2 stk,Såpe Fast,"kr 22,80",Håndsåpe,"kr 11,40 per stk"
"Shampo, såpe og hudpleie",300 ml,Lano Parfymefri Håndsåpe,"kr 26,80",Håndsåpe,"kr 89,33 per l"
"Shampo, såpe og hudpleie","Kjøkken, 300 ml",Håndsåpe,"kr 59,80",Håndsåpe,"kr 199,33 per l"
"Shampo, såpe og hudpleie",500 ml,"Clear Handsoap, Fresh Lavender","kr 31,40",Håndsåpe,"kr 62,80 per l"
Brød og frokostblandinger,250 g,Ciabatta 4pk,"kr 16,00",Langtidsholdbare brød,"kr 64,00 per kg"
Brød og frokostblandinger,250 g,Baguette Fin Steinovnsbakt,"kr 31,10",Langtidsholdbare brød,"kr 124,40 per kg"
Brød og frokostblandinger,4 stk,Ciabatta Grove,"kr 27,20",Langtidsholdbare brød,"kr 6,80 per stk"
Brød og frokostblandinger,250 g,Baguette Grov Steinovnsbakt,"kr 30,30",Langtidsholdbare brød,"kr 121,20 per kg"
Brød og frokostblandinger,250 g,Steinovnsbakte Flerkornsbaguetter,"kr 31,60",Langtidsholdbare brød,"kr 126,40 per kg"
Brød og frokostblandinger,300 g,Baguetter Fine,"kr 13,60",Langtidsholdbare brød,"kr 45,33 per kg"
Brød og frokostblandinger,300 g,Baguetter Grove,"kr 14,40",Langtidsholdbare brød,"kr 48,00 per kg"
Drikkevarer,"0,5 l",Farris Sitron,"kr 19,90",Vann og mineralvann,"kr 39,80 per l"
Drikkevarer,"0,5 l",Farris Lime,"kr 19,90",Vann og mineralvann,"kr 39,80 per l"
Drikkevarer,"Med Kullsyre, 0,5 l",Olden Frisk Eple,"kr 23,10",Vann og mineralvann,"kr 46,20 per l"
Drikkevarer,"0,5 l",Olden Stillvann,"kr 19,60",Vann og mineralvann,"kr 39,20 per l"
Drikkevarer,"0,45 l",Grans Taffel Stillvann,"kr 13,20",Vann og mineralvann,"kr 29,33 per l"
Drikkevarer,"0,5 l",Vitamin Well Antioxidant,"kr 29,80",Vann og mineralvann,"kr 59,60 per l"
Drikkevarer,"0,5 l",Vitamin Well Awake,"kr 30,40",Vann og mineralvann,"kr 60,80 per l"
Drikkevarer,"Limonade, 0,5 l",Vitamin Well Refresh,"kr 29,90",Vann og mineralvann,"kr 59,80 per l"
Drikkevarer,"1,5 l",Imsdal Vann,"kr 22,60",Vann og mineralvann,"kr 15,07 per l"
Drikkevarer,"0,5 l",Imsdal Vann,"kr 17,40",Vann og mineralvann,"kr 34,80 per l"
Brød og frokostblandinger,"Glutenfri, 240 g",Sesam & Havsalt,"kr 51,40",Knekkebrød,"kr 214,17 per kg"
Brød og frokostblandinger,"Godt Stekt, 200 g",Knekkebrød,"kr 29,40",Knekkebrød,"kr 147,00 per kg"
Brød og frokostblandinger,"Normalt Stekt, 200 g",Knekkebrød,"kr 27,80",Knekkebrød,"kr 139,00 per kg"
Brød og frokostblandinger,"Havre, 200 g",Knekkebrød,"kr 30,40",Knekkebrød,"kr 152,00 per kg"
Brød og frokostblandinger,"Eple & Kanel, 200 g",Knekkebrød,"kr 30,10",Knekkebrød,"kr 150,50 per kg"
Brød og frokostblandinger,"Surdeig, 200 g",Knekkebrød,"kr 30,10",Knekkebrød,"kr 150,50 per kg"
Brød og frokostblandinger,"Havrekli og Bygg, 190 g",Knekkebrød,"kr 29,50",Knekkebrød,"kr 155,26 per kg"
Mathall,200 g,Cheddar Little Black Bomber,,Ostedisken,"kr 396,90 per kg"
Mathall,"Ambrosi, 250 g",Ricotta,"kr 25,90",Ostedisken,"kr 103,60 per kg"
Mathall,125 g,Saint Agur,"kr 88,30",Ostedisken,"kr 706,40 per kg"
Mathall,200 g,Taleggio DOP,,Ostedisken,"kr 287,70 per kg"
Mathall,150 g,Gorgonzola Dolce,"kr 53,60",Ostedisken,"kr 357,33 per kg"
Mathall,150 g,Greco Ekte Fetaost,"kr 46,30",Ostedisken,"kr 308,67 per kg"
Mathall,100 g,Ardenneskinke,"kr 31,10",Pålegg og spekemat,"kr 311,00 per kg"
Mathall,100 g,Ribberull,"kr 31,10",Pålegg og spekemat,"kr 311,00 per kg"
Mathall,100 g,Pepperskinke,"kr 31,10",Pålegg og spekemat,"kr 311,00 per kg"
Mathall,100 g,Marinert & Kydret Skinkebiff,"kr 31,10",Pålegg og spekemat,"kr 311,00 per kg"
Mathall,"Håndlagt, 100 g",Kokt skinke,"kr 26,90",Pålegg og spekemat,"kr 269,00 per kg"
Mathall,100 g,Kyllingpastrami,"kr 31,10",Pålegg og spekemat,"kr 311,00 per kg"
Mathall,100 g,Gourmetskinke,"kr 31,10",Pålegg og spekemat,"kr 311,00 per kg"
Mathall,100 g,Røkt Kalkunbryst,"kr 36,30",Pålegg og spekemat,"kr 363,00 per kg"
Mathall,100 g,Urtemarinert Kalkunbryst,"kr 36,30",Pålegg og spekemat,"kr 363,00 per kg"
Brød og frokostblandinger,500 g,Honni Puffs,"kr 26,70",Frokostblandinger og gryn,"kr 53,40 per kg"
Brød og frokostblandinger,750 g,Corn flakes,"kr 19,80",Frokostblandinger og gryn,"kr 26,40 per kg"
Brød og frokostblandinger,375 g,Cheerios Multi Frokostblanding,"kr 30,50",Frokostblandinger og gryn,"kr 81,33 per kg"
Brød og frokostblandinger,"Glutenfri, 375 g",Corn Flakes,"kr 39,00",Frokostblandinger og gryn,"kr 104,00 per kg"
Brød og frokostblandinger,375 g,Honni Korn Smacks,"kr 28,40",Frokostblandinger og gryn,"kr 75,73 per kg"
Brød og frokostblandinger,"95% Fullkorn, 430 g",Weetabix Orginal,"kr 41,80",Frokostblandinger og gryn,"kr 97,21 per kg"
Middager og tilbehør,530 g,"Suppe med Tomat, Squash & Basilikum","kr 57,80",Ferdige middagsretter,"kr 109,06 per kg"
Middager og tilbehør,665 g,Pinnekjøtt,"kr 129,00",Ferdige middagsretter,"kr 193,98 per kg"
Middager og tilbehør,500 g,Fiskesuppe,"kr 72,70",Ferdige middagsretter,"kr 145,40 per kg"
Middager og tilbehør,500 g,"Suppe med Kylling, Curry & Grønnsaker","kr 69,80",Ferdige middagsretter,"kr 139,60 per kg"
Middager og tilbehør,500 g,"Suppe med Linser, Søtpotet, Gresskar og Spinat","kr 55,00",Ferdige middagsretter,"kr 110,00 per kg"
Middager og tilbehør,"Base, 1 kg",Havna Fiskesuppe,"kr 90,00",Ferdige middagsretter,"kr 90,00 per kg"
Middager og tilbehør,505 g,Julemiddag i skål,"kr 69,90",Ferdige middagsretter,"kr 138,42 per kg"
Middager og tilbehør,280 g,Thai Curry Soup,"kr 36,80",Ferdige middagsretter,"kr 131,43 per kg"
Drikkevarer,330 ml,Vannkefir Bringebær og Vanilje,"kr 49,00",Brus,"kr 148,48 per l"
Drikkevarer,330 ml,Vannkefir Sitron og Ingefær,"kr 49,00",Brus,"kr 148,48 per l"
Drikkevarer,2 kg,Isbiter,"kr 29,90",Brus,"kr 14,95 per kg"
Hus og hjem,1 stk,Plastfolieautomat,"kr 269,90",Kjøkkenredskap,"kr 269,90 per stk"
Hus og hjem,"4 liter plast, 1 stk",Vispebolle,"kr 69,90",Kjøkkenredskap,"kr 69,90 per stk"
Hus og hjem,1 stk,Komfyr og glass-skrape,"kr 89,90",Kjøkkenredskap,"kr 89,90 per stk"
Hus og hjem,"1.0L, Rustfri, 1 stk",Vannkoker,"kr 299,90",Kjøkkenredskap,"kr 299,90 per stk"
Hus og hjem,"30cm lende, 3 stk",Kjøkkenredskaper bøk,"kr 69,90",Kjøkkenredskap,"kr 23,30 per stk"
Hus og hjem,"29cm, 1 stk",Stekespade rustfritt stål,"kr 49,90",Kjøkkenredskap,"kr 49,90 per stk"
Hus og hjem,"Molino, 1 stk",Kaffekvern,"kr 599,00",Kjøkkenredskap,"kr 599,00 per stk"
Mathall,38 g,Lakrisbar Med Chili,"kr 59,90","Iskrem, søtsaker og snacks","kr 1576,32 per kg"
Mathall,3 l,Fin Vaffelrøre,"kr 199,00","Iskrem, søtsaker og snacks","kr 66,33 per l"
Mathall,1 l,Fin Vaffelrøre i Beger,"kr 79,90","Iskrem, søtsaker og snacks","kr 79,90 per l"
Mathall,53 g,Økologisk 50% Melk & Blåbærsjokolade,"kr 74,90","Iskrem, søtsaker og snacks","kr 1413,21 per kg"
Mathall,53 g,45% Melk &  brunostsjokolade,"kr 74,90","Iskrem, søtsaker og snacks","kr 1413,21 per kg"
Mathall,"70% Mørk Sjokolade, 53 g",Økologisk Reinsdyrlav & Tyttebær,"kr 74,90","Iskrem, søtsaker og snacks","kr 1413,21 per kg"
Mathall,150 g,Potetchips Salt Og Grønn Pepper,"kr 42,90","Iskrem, søtsaker og snacks","kr 286,00 per kg"
"Shampo, såpe og hudpleie",250 ml,Hårspray Kraftig Elnett,"kr 48,40",Shampo og hårprodukter,"kr 193,60 per l"
"Shampo, såpe og hudpleie",200 ml,Hårskum,"kr 31,60",Shampo og hårprodukter,"kr 158,00 per l"
"Shampo, såpe og hudpleie","Extra strong hold, 200 ml",Hårspray,"kr 51,90",Shampo og hårprodukter,"kr 259,50 per l"
"Shampo, såpe og hudpleie",75 ml,Magic Retouch Mørk Brun,"kr 142,40",Shampo og hårprodukter,"kr 1898,67 per l"
"Shampo, såpe og hudpleie",220 ml,Trippeldusj,"kr 24,80",Shampo og hårprodukter,"kr 112,73 per l"
"Shampo, såpe og hudpleie","8 beholdere, 8 stk",Reiseflasker metall,"kr 99,90",Shampo og hårprodukter,"kr 12,49 per stk"
"Shampo, såpe og hudpleie",75 ml,Dusjsåpe Lyko Vegan,"kr 29,90",Shampo og hårprodukter,"kr 398,67 per l"
Brød og frokostblandinger,"6 stk, 402 g",Surdeigstykker,"kr 47,40",Frosne brød og rundstykker,"kr 117,91 per kg"
Brød og frokostblandinger,"100% surdeig, 5 stk, 450 g",Landbrødstykker,"kr 41,70",Frosne brød og rundstykker,"kr 92,67 per kg"
Brød og frokostblandinger,"5 stk, 450 g",Müslirundstykke,"kr 51,90",Frosne brød og rundstykker,"kr 115,33 per kg"
Brød og frokostblandinger,"7 stk, 420 g",Flerkornbriks,"kr 29,90",Frosne brød og rundstykker,"kr 71,19 per kg"
Brød og frokostblandinger,"7 stk, 420 g",Lyse Frøbriks,"kr 29,90",Frosne brød og rundstykker,"kr 71,19 per kg"
Brød og frokostblandinger,"Økologisk, 6x70g, 420 g",Frøstykker,"kr 39,00",Frosne brød og rundstykker,"kr 92,86 per kg"
Brød og frokostblandinger,"6 stk, 510 g",Bagels,"kr 50,40",Frosne brød og rundstykker,"kr 98,82 per kg"
Brød og frokostblandinger,"2 stk, 350 g",Gourmet Hvitløksbaguetter,"kr 39,80",Frosne brød og rundstykker,"kr 113,71 per kg"
Hus og hjem,"Svart, 1 stk",Hodetelefon med mikrofon,"kr 119,90",Kontor,"kr 119,90 per stk"
Hus og hjem,1 stk,Lesebrille + 1.50,"kr 99,90",Kontor,"kr 99,90 per stk"
Hus og hjem,1 stk,Lesebrille + 2.00,"kr 99,90",Kontor,"kr 99,90 per stk"
Hus og hjem,1 stk,Lesebrille + 2.50,"kr 99,90",Kontor,"kr 99,90 per stk"
Hus og hjem,"iPod/iPhone/iPad, 1 stk",Lightning V-lader 12v,"kr 199,90",Kontor,"kr 199,90 per stk"
Hus og hjem,1 stk,Limstift 21 G,"kr 29,90",Kontor,"kr 29,90 per stk"
Hus og hjem,"1m, sort, 1 stk",Micro USB-lader 230V,"kr 159,90",Kontor,"kr 159,90 per stk"
Hus og hjem,"330 ml, 20 stk",Drikkeglass Plast,"kr 27,60",Engangs og Servietter,"kr 1,38 per stk"
Hus og hjem,"350ml, 25 stk",Kaffebeger,"kr 43,80",Engangs og Servietter,"kr 1,75 per stk"
Hus og hjem,50 stk,Kaffebeger Med Hank,"kr 29,90",Engangs og Servietter,"kr 0,60 per stk"
Hus og hjem,"200 ml, 80 stk",Drikkebeger,"kr 29,70",Engangs og Servietter,"kr 0,37 per stk"
Hus og hjem,"250 ml, 8 stk",Pappkopp,"kr 17,00",Engangs og Servietter,"kr 2,13 per stk"
Hus og hjem,"250 ml, 8 stk",Pappkopp Ballonger,"kr 17,00",Engangs og Servietter,"kr 2,13 per stk"
Hus og hjem,100 stk,Grillpinner i Bambus,"kr 13,10",Engangs og Servietter,"kr 0,13 per stk"
Hus og hjem,50 stk,Skjeer i Plast,"kr 25,60",Engangs og Servietter,"kr 0,51 per stk"
Hus og hjem,50 stk,Teskjeer i Plast,"kr 25,60",Engangs og Servietter,"kr 0,51 per stk"
Brød og frokostblandinger,"Oppskåret, 1 stk",Formbakt Grovbrød,"kr 42,50",Ferske brød,"kr 55,19 per kg"
Brød og frokostblandinger,"Oppskåret, 1 stk",Grov Kneipp,"kr 22,80",Ferske brød,"kr 34,03 per kg"
Brød og frokostblandinger,"Oppskåret, 1 stk",Steinovnsbakt brød,"kr 37,30",Ferske brød,"kr 62,17 per kg"
Brød og frokostblandinger,"Oppskåret, 1 stk",Solsikkebrød,"kr 47,60",Ferske brød,"kr 61,82 per kg"
Brød og frokostblandinger,"Oppskåret, 1 stk",Familiebrød,"kr 41,40",Ferske brød,"kr 53,77 per kg"
Brød og frokostblandinger,"Oppskåret, 1 stk",Lurebrød,"kr 37,30",Ferske brød,"kr 48,44 per kg"
Brød og frokostblandinger,"Steinovnsbakt, 1 stk",Tyrolerbrød,"kr 41,90",Ferske brød,"kr 55,87 per kg"
Brød og frokostblandinger,"Vår laveste pris, 630 g",Loff,"kr 7,90",Ferske brød,"kr 12,54 per kg"
Brød og frokostblandinger,1 stk,Grov Kneipp,"kr 7,90",Ferske brød,"kr 11,79 per kg"
Tørkepapir og vaskemidler,"0,5 l",Oppvaskmiddel Sitron,"kr 13,80",Oppvask,"kr 27,60 per l"
Tørkepapir og vaskemidler,"0,5 l",Neutral Håndoppvask,"kr 38,80",Oppvask,"kr 77,60 per l"
Tørkepapir og vaskemidler,"Konsentrert, 0,5 l",Oppvaskmiddel Sensitive,"kr 21,50",Oppvask,"kr 43,00 per l"
Tørkepapir og vaskemidler,"Kjøkken, 300 ml",Håndsåpe,"kr 59,80",Oppvask,"kr 199,33 per l"
Tørkepapir og vaskemidler,2 stk,Zalo Maskinrens,"kr 49,80",Oppvask,"kr 24,90 per stk"
Tørkepapir og vaskemidler,2 stk,Oppvaskmaskinrens,"kr 49,90",Oppvask,"kr 24,95 per stk"
Tørkepapir og vaskemidler,"Maskinvask, 350 ml",Sun 3i1 Glans og Tørkemiddel,"kr 53,90",Oppvask,"kr 154,00 per l"
Tørkepapir og vaskemidler,"Assortert Design, 1 stk",Oppvaskbørste Trend,"kr 30,80",Oppvask,"kr 30,80 per stk"
Tørkepapir og vaskemidler,"Assortert Design, 1 stk",Design Oppvaskbørste,"kr 45,80",Oppvask,"kr 45,80 per stk"
Tørkepapir og vaskemidler,20 tablett,Kannerens,"kr 49,40",Oppvask,"kr 2,47 per tablett"
"Shampo, såpe og hudpleie",50 ml,"Moisturising Hand Cream, Lavender & Shea Butter","kr 57,40",Hudpleie,"kr 1148,00 per l"
"Shampo, såpe og hudpleie",250 ml,Soft Caring Lotion,"kr 41,80",Hudpleie,"kr 167,20 per l"
"Shampo, såpe og hudpleie",250 ml,Spenol Hudkrem,"kr 32,00",Hudpleie,"kr 128,00 per l"
"Shampo, såpe og hudpleie",100 ml,Håndkrem,"kr 45,60",Hudpleie,"kr 456,00 per l"
"Shampo, såpe og hudpleie",1 stk,Age Perfect Eye Cream,"kr 186,20",Hudpleie,"kr 186,20 per stk"
"Shampo, såpe og hudpleie",1 stk,Age Perfect Golden Age Rosy Day,"kr 207,00",Hudpleie,"kr 207,00 per stk"
"Shampo, såpe og hudpleie",1 stk,Age Perfect Golden Age Rosy Eye Cream,"kr 207,00",Hudpleie,"kr 207,00 per stk"
"Shampo, såpe og hudpleie",1 stk,Age Perfect  Golden Age Rosy  Night,"kr 207,00",Hudpleie,"kr 207,00 per stk"
Tørkepapir og vaskemidler,"Sensitiv, 1,1 kg",Maskinvask Farget,"kr 36,10",Klesvask,"kr 1,16 per vask"
Tørkepapir og vaskemidler,"Hvitt & Farget Tøy, 2 kg",Standardtøyvask,"kr 40,60",Klesvask,"kr 0,78 per vask"
Tørkepapir og vaskemidler,750 ml,Klar Tøyvask,"kr 65,80",Klesvask,"kr 3,13 per vask"
Tørkepapir og vaskemidler,750 ml,Klar Tøyvask Parfymefri,"kr 70,80",Klesvask,"kr 94,40 per l"
Tørkepapir og vaskemidler,1920 ml,Flytende Maskinvask Farget&Hvitt,"kr 114,30",Klesvask,"kr 2,38 per vask"
Tørkepapir og vaskemidler,760 ml,Flytende Maskinvask Farget&Hvitt,"kr 63,40",Klesvask,"kr 3,34 per vask"
Tørkepapir og vaskemidler,"Flytende, 595 ml",Omo Color,"kr 51,40",Klesvask,"kr 3,02 per vask"
Mathall,"Til 4 Personer, ca. 800 g",Hellstrøms Indrefilet av Angus,"kr 528,00",Kjøttdisken,"kr 660,00 per kg"
Mathall,380 g,Okse T-benstek,"kr 208,00",Kjøttdisken,"kr 547,37 per kg"
Mathall,"Til 1 Person, ca. 200 g",Hellstrøms Indrefilet av Angus,"kr 158,50",Kjøttdisken,"kr 792,50 per kg"
Mathall,ca. 400 g,Hellstrøms Indrefilet av Angus,"kr 274,50",Kjøttdisken,"kr 686,25 per kg"
Mathall,ca. 200 g,Hellstrøms Ytrefilet av Angus,"kr 137,30",Kjøttdisken,"kr 686,50 per kg"
Mathall,"Til  2 Personer, 400 g",Hellstrøms Ytrefilet av Angus,"kr 264,00",Kjøttdisken,"kr 660,00 per kg"
Mathall,500 g,Hellstrøms Økologisk Svinenakke uten Ben,"kr 147,90",Kjøttdisken,"kr 295,80 per kg"
Mathall,"Uten Ben, ca. 400 g",Frossen Villsvinakke,"kr 109,00",Kjøttdisken,"kr 272,50 per kg"
Hus og hjem,150 m,Plastfolie storpack,"kr 59,90",Poser og folie,"kr 0,40 per m"
Hus og hjem,50 m,Matpapir,"kr 25,90",Poser og folie,"kr 0,52 per m"
Hus og hjem,"12 x 8,5 cm, 1 stk",Mellomleggspapir,"kr 17,10",Poser og folie,"kr 17,10 per stk"
Hus og hjem,2 stk,Stekeposer Ekstra Store,"kr 14,10",Poser og folie,"kr 7,05 per stk"
Hus og hjem,5 stk,Stekepose Medium,"kr 16,20",Poser og folie,"kr 3,24 per stk"
Hus og hjem,1 stk,Stekefolie Nonstick,"kr 59,90",Poser og folie,"kr 59,90 per stk"
Hus og hjem,"2l, 50 stk",Fryseposer,"kr 14,60",Poser og folie,"kr 0,29 per stk"
Hus og hjem,"4l, 40 stk",Frysepose,"kr 16,30",Poser og folie,"kr 0,41 per stk"
"Shampo, såpe og hudpleie",500 ml,"Clear Handsoap, White Rose","kr 31,40",Håndsåpe,"kr 62,80 per l"
"Shampo, såpe og hudpleie",500 ml,Håndsåpe Med Pumpe,"kr 8,30",Håndsåpe,"kr 16,60 per l"
"Shampo, såpe og hudpleie",300 ml,Mild Håndsåpe,"kr 30,80",Håndsåpe,"kr 102,67 per l"
"Shampo, såpe og hudpleie",500 ml,Håndsåpe,"kr 44,30",Håndsåpe,"kr 88,60 per l"
"Shampo, såpe og hudpleie",2 stk,Såpestykke,"kr 30,10",Håndsåpe,"kr 15,05 per stk"
"Shampo, såpe og hudpleie",100 g,Kremsåpe Fast,"kr 17,40",Håndsåpe,"kr 174,00 per kg"
"Shampo, såpe og hudpleie","Assorterte Dufter, 300 ml",Håndsåpe Flytende,"kr 15,20",Håndsåpe,"kr 50,67 per l"
Brød og frokostblandinger,750 g,"Grovbrød, Lettstekt","kr 29,70",Langtidsholdbare brød,"kr 39,60 per kg"
Brød og frokostblandinger,670 g,"Frøloff, Lettstekt","kr 32,90",Langtidsholdbare brød,"kr 49,10 per kg"
Brød og frokostblandinger,"Glutenfri, 500 g",Fiberbrød,"kr 72,90",Langtidsholdbare brød,"kr 145,80 per kg"
Brød og frokostblandinger,500 g,Glutenfri Havrebrød,"kr 50,60",Langtidsholdbare brød,"kr 101,20 per kg"
Brød og frokostblandinger,500 g,Glutenfri Kornbrød,"kr 40,00",Langtidsholdbare brød,"kr 80,00 per kg"
Brød og frokostblandinger,600 g,Glutenfri Fiberbrød,"kr 54,00",Langtidsholdbare brød,"kr 90,00 per kg"
Brød og frokostblandinger,"Glutenfri, 500 g",Loff,"kr 38,50",Langtidsholdbare brød,"kr 77,00 per kg"
Brød og frokostblandinger,"Glutenfri, 400 g",Brød Toasty Fiber,"kr 52,40",Langtidsholdbare brød,"kr 131,00 per kg"
Brød og frokostblandinger,"Glutenfri, 450 g",Grovbrød Xl,"kr 51,10",Langtidsholdbare brød,"kr 113,56 per kg"
Drikkevarer,"0,65 l",Imsdal Vann,"kr 23,80",Vann og mineralvann,"kr 36,62 per l"
Drikkevarer,"0 kalorier, 0,65 l",Imsdal Sitron,"kr 30,40",Vann og mineralvann,"kr 46,77 per l"
Drikkevarer,"0 kalorier, 0,65 l",Imsdal Bringebær,"kr 30,40",Vann og mineralvann,"kr 46,77 per l"
Drikkevarer,"0 kalorier, 0,65 l",Imsdal Fersken,"kr 23,90",Vann og mineralvann,"kr 36,77 per l"
Drikkevarer,"0,6 l",Smartwater Stillvann,"kr 21,00",Vann og mineralvann,"kr 35,00 per l"
Drikkevarer,"0,7 l",Bonaqua Mango & Tea,"kr 23,60",Vann og mineralvann,"kr 33,71 per l"
Drikkevarer,"0,7 l",Bonaqua Sport Sitron,"kr 23,60",Vann og mineralvann,"kr 33,71 per l"
Brød og frokostblandinger,125 g,Fiberrik Solsikke,"kr 38,40",Knekkebrød,"kr 307,20 per kg"
Brød og frokostblandinger,200 g,Rugsprø Original,"kr 15,90",Knekkebrød,"kr 79,50 per kg"
Brød og frokostblandinger,180 g,Rugsprø Havre,"kr 17,60",Knekkebrød,"kr 97,78 per kg"
Brød og frokostblandinger,33 g,Sandwich Sourcream & Onion,"kr 12,80",Knekkebrød,"kr 387,88 per kg"
Brød og frokostblandinger,37 g,Sandwich Cream Cheese & Gressløk,"kr 11,40",Knekkebrød,"kr 308,11 per kg"
Brød og frokostblandinger,30 g,Sandwich French Herbs,"kr 11,40",Knekkebrød,"kr 380,00 per kg"
Brød og frokostblandinger,36 g,Sandwich Brunost,"kr 11,40",Knekkebrød,"kr 316,67 per kg"
Mathall,120 g,Chèvre,,Ostedisken,"kr 308,00 per kg"
Mathall,190 g,Chevre Haukeli Naturell,,Ostedisken,"kr 251,79 per kg"
Mathall,120 g,Chevre Ramsløk Haukeli,,Ostedisken,"kr 396,67 per kg"
Mathall,200 g,Gresk Feta PDO,"kr 51,80",Ostedisken,"kr 259,00 per kg"
Mathall,"Økologisk, 200 g",Gresk Feta PDO,"kr 69,60",Ostedisken,"kr 348,00 per kg"
Mathall,200 g,Cheddar,"kr 49,90",Ostedisken,"kr 249,50 per kg"
Mathall,150 g,Selbu Blå,,Ostedisken,"kr 185,07 per kg"
Mathall,150 g,Selbu Blå kraftig,,Ostedisken,"kr 255,47 per kg"
Mathall,150 g,Parmiggiano,"kr 54,90",Ostedisken,"kr 366,00 per kg"
Mathall,200 g,Ovnsbakt Leverpostei,"kr 29,00",Pålegg og spekemat,"kr 145,00 per kg"
Mathall,350 g,Skogshonning Ren,"kr 93,90",Pålegg og spekemat,"kr 268,29 per kg"
Mathall,160 g,Bringebærsyltetøy,"kr 65,80",Pålegg og spekemat,"kr 411,25 per kg"
Mathall,300 g,Håndlaget Blåbærsyltetøy,"kr 64,90",Pålegg og spekemat,"kr 216,33 per kg"
Mathall,300 g,Håndlaget Jordbærsyltetøy,"kr 64,90",Pålegg og spekemat,"kr 216,33 per kg"
Mathall,300 g,Håndlaget Økologisk Appelsinmarmelade,"kr 64,90",Pålegg og spekemat,"kr 216,33 per kg"
Mathall,300 g,Håndlaget Økologisk Bringebærsyltetøy,"kr 64,90",Pålegg og spekemat,"kr 216,33 per kg"
Brød og frokostblandinger,375 g,Havrefras,"kr 38,70",Frokostblandinger og gryn,"kr 103,20 per kg"
Brød og frokostblandinger,450 g,Crusli 4 Nøtter,"kr 49,80",Frokostblandinger og gryn,"kr 110,67 per kg"
Brød og frokostblandinger,"Glutenfri, 300 g",Havreputer,"kr 53,40",Frokostblandinger og gryn,"kr 178,00 per kg"
Brød og frokostblandinger,700 g,Frukt Musli,"kr 35,80",Frokostblandinger og gryn,"kr 51,14 per kg"
Brød og frokostblandinger,630 g,Blåbær Musli,"kr 39,80",Frokostblandinger og gryn,"kr 63,17 per kg"
Brød og frokostblandinger,675 g,Energi Gold,"kr 45,80",Frokostblandinger og gryn,"kr 67,85 per kg"
Brød og frokostblandinger,500 g,Bjørn Rosin & Vaniljesmak,"kr 33,90",Frokostblandinger og gryn,"kr 67,80 per kg"
Middager og tilbehør,"Vegetar, 370 g",Gartnergryte,"kr 45,40",Ferdige middagsretter,"kr 122,70 per kg"
Middager og tilbehør,"Vegetar, 370 g",Bolognese,"kr 44,60",Ferdige middagsretter,"kr 120,54 per kg"
Middager og tilbehør,370 g,Chili sin carne,"kr 44,60",Ferdige middagsretter,"kr 120,54 per kg"
Middager og tilbehør,370 g,Byggrynsgrøt,"kr 24,40",Ferdige middagsretter,"kr 65,95 per kg"
Middager og tilbehør,"1 porsjon, 370 g",Havregrøt,"kr 21,90",Ferdige middagsretter,"kr 59,19 per kg"
Middager og tilbehør,460 g,Risgrøt,"kr 23,90",Ferdige middagsretter,"kr 51,96 per kg"
Middager og tilbehør,970 g,Risgrøt,"kr 38,30",Ferdige middagsretter,"kr 39,48 per kg"
Middager og tilbehør,400 g,Laktosefri Risgrøt,"kr 30,90",Ferdige middagsretter,"kr 77,25 per kg"
Middager og tilbehør,350 g,Rømmegrøt,"kr 26,20",Ferdige middagsretter,"kr 74,86 per kg"
Hus og hjem,1 stk,"Stavmikser, Svart","kr 199,90",Kjøkkenredskap,"kr 199,90 per stk"
Hus og hjem,"3 kopper, 1 stk",Presskanne Bistro Nouveau,"kr 249,90",Kjøkkenredskap,"kr 249,90 per stk"
Hus og hjem,"28cm, 1 stk",Stekepanne Diamant,"kr 249,90",Kjøkkenredskap,"kr 249,90 per stk"
Hus og hjem,1 stk,Kjøleskapsoppbevaring for bokser,"kr 49,90",Kjøkkenredskap,"kr 49,90 per stk"
Hus og hjem,1 stk,Epleskreller,"kr 269,90",Kjøkkenredskap,"kr 269,90 per stk"
Hus og hjem,1 stk,Pizzakutter,"kr 39,90",Kjøkkenredskap,"kr 39,90 per stk"
Mathall,150 g,Potetchips Med Brunost,"kr 42,90","Iskrem, søtsaker og snacks","kr 286,00 per kg"
Brød og frokostblandinger,"4 stk, 320 g",Glutenfrie Hamburgerbrød,"kr 55,80",Frosne brød og rundstykker,"kr 174,38 per kg"
Brød og frokostblandinger,"4 stk, 260 g",Glutenfrie Pølsebrød,"kr 54,40",Frosne brød og rundstykker,"kr 209,23 per kg"
Brød og frokostblandinger,"Glutenfri, 240 g",Fine Baguetter,"kr 64,40",Frosne brød og rundstykker,"kr 268,33 per kg"
Brød og frokostblandinger,"Glutenfri, 280 g",Grove Baguetter,"kr 77,80",Frosne brød og rundstykker,"kr 277,86 per kg"
Brød og frokostblandinger,"Glutenfri, 280 g",Havrerudstykker,"kr 73,00",Frosne brød og rundstykker,"kr 260,71 per kg"
Brød og frokostblandinger,"Glutenfri, 280 g",Rundstykker med Valmuefrø,"kr 73,00",Frosne brød og rundstykker,"kr 260,71 per kg"
Brød og frokostblandinger,700 g,KjerneGodt,"kr 35,80",Frosne brød og rundstykker,"kr 51,14 per kg"
Hus og hjem,1 stk,Mini-DisplayPort til HDMI-adapter,"kr 349,90",Kontor,"kr 349,90 per stk"
Hus og hjem,"2m, Hvit, 1 stk",Skjøteledning,"kr 49,90",Kontor,"kr 49,90 per stk"
Hus og hjem,1 stk,Skjøteledning 3m med jord,"kr 59,90",Kontor,"kr 59,90 per stk"
Hus og hjem,"iPod/iPhone/iPad, 1 stk",Synkkabel Lightning hvit,"kr 159,90",Kontor,"kr 159,90 per stk"
Hus og hjem,"Hvit, 1 stk",Synkkabel Micro-USB,"kr 149,90",Kontor,"kr 149,90 per stk"
Hus og hjem,1 stk,Trådløs mus,"kr 139,90",Kontor,"kr 139,90 per stk"
Hus og hjem,1 stk,Trådløst tastatur og mus,"kr 249,90",Kontor,"kr 249,90 per stk"
Hus og hjem,"1,8m, 1 stk",USB-A til USB-C-kabel,"kr 199,90",Kontor,"kr 199,90 per stk"
Hus og hjem,20 stk,Bjørkepinner til Pinnekjøtt,"kr 34,00",Engangs og Servietter,"kr 1,70 per stk"
Hus og hjem,50 stk,Muffinsformer Design,"kr 37,20",Engangs og Servietter,"kr 0,74 per stk"
Hus og hjem,40 stk,Servietter røde,"kr 24,90",Engangs og Servietter,"kr 0,62 per stk"
Tørkepapir og vaskemidler,"Gra, 1 stk",Oppvaskunderlag,"kr 79,90",Oppvask,"kr 79,90 per stk"
Tørkepapir og vaskemidler,1 stk,Rengjøringsmiddel keramisk topp,"kr 49,90",Oppvask,"kr 49,90 per stk"
"Shampo, såpe og hudpleie",1 stk,Moisture+ Botanical Green Tea Day Cream,"kr 71,80",Hudpleie,"kr 71,80 per stk"
"Shampo, såpe og hudpleie",1 stk,Moisture+ Botanical Rose Floral Water Day Cream,"kr 67,60",Hudpleie,"kr 67,60 per stk"
"Shampo, såpe og hudpleie",1 stk,Argan Rescue Balm Garnier Bio,"kr 103,00",Hudpleie,"kr 103,00 per stk"
"Shampo, såpe og hudpleie",1 stk,Cornflower Micellar Water Garnier Bio,"kr 82,20",Hudpleie,"kr 82,20 per stk"
"Shampo, såpe og hudpleie",1 stk,Lavendin Oil Garnier Bio,"kr 123,80",Hudpleie,"kr 123,80 per stk"
"Shampo, såpe og hudpleie",1 stk,Lavender Firming Eye Contour Garnier  Bio,"kr 123,80",Hudpleie,"kr 123,80 per stk"
Tørkepapir og vaskemidler,"Flytende, 595 ml",Omo Ultra Hvitt,"kr 57,80",Klesvask,"kr 3,40 per vask"
Tørkepapir og vaskemidler,"Flytende Refill, 490 ml",Omo Color,"kr 42,70",Klesvask,"kr 3,05 per vask"
Tørkepapir og vaskemidler,"Flytende Refill, 490 ml",Omo Ultra Hvitt,"kr 44,90",Klesvask,"kr 3,21 per vask"
Tørkepapir og vaskemidler,16 vask,Omo Color Trippel Dose,"kr 64,00",Klesvask,"kr 4,00 per vask"
Tørkepapir og vaskemidler,16 vask,Omo Ultra Trippel Dose,"kr 59,50",Klesvask,"kr 3,72 per vask"
Tørkepapir og vaskemidler,"Flytende, 595 ml",Blenda Sensitive Tøyvaskemiddel,"kr 60,80",Klesvask,"kr 102,18 per l"
Tørkepapir og vaskemidler,1 l,Flytende Vask Color,"kr 38,10",Klesvask,"kr 38,10 per l"
Tørkepapir og vaskemidler,1 l,Flytende Vask Hvitt,"kr 40,10",Klesvask,"kr 40,10 per l"
Tørkepapir og vaskemidler,595 ml,OMO Aktiv & Sport,"kr 68,80",Klesvask,"kr 115,63 per l"
Tørkepapir og vaskemidler,"Ull & Silke, 600 ml",Klar Tøyvask,"kr 52,60",Klesvask,"kr 87,67 per l"
Mathall,"1,8 kg",Hel Indrefilet av Storfe,"kr 699,00",Kjøttdisken,"kr 388,33 per kg"
Mathall,ca. 1 kg,Reinsdyr Indrefilet Hel,"kr 599,00",Kjøttdisken,"kr 599,00 per kg"
Mathall,1 kg,Reinsdyr Ytrefilet Hel,"kr 649,00",Kjøttdisken,"kr 649,00 per kg"
Mathall,Ca 3kg,Hel Entrecote av Storfe,"kr 1605,60",Kjøttdisken,"kr 535,20 per kg"
Mathall,2 kg,Hel Ytrefilet av Okse,"kr 549,00",Kjøttdisken,"kr 274,50 per kg"
Mathall,4 stk,"Hamburger med Koriander, Chili og Persille","kr 149,00",Kjøttdisken,"kr 232,81 per kg"
Mathall,"Fra New Zealand, 1,1 kg",Lammecarré,"kr 399,00",Kjøttdisken,"kr 362,73 per kg"
Hus og hjem,20 stk,Isbitposer,"kr 27,00",Poser og folie,"kr 1,35 per stk"
Hus og hjem,45 stk,Bleieposer,"kr 22,10",Poser og folie,"kr 0,49 per stk"
Hus og hjem,40 stk,Hundeposer,"kr 13,90",Poser og folie,"kr 0,35 per stk"
Hus og hjem,"125l, 6 stk",Avfallssekk med Snørelukking Ekstra Kraftig,"kr 35,60",Poser og folie,"kr 5,93 per stk"
Hus og hjem,50 stk,Tynne Avfallsposer 30l,"kr 26,70",Poser og folie,"kr 0,53 per stk"
Hus og hjem,"Rull med 40 poser, 1 stk",Kildesorteringsposer til matavfall,"kr 0,00",Poser og folie,"kr 0,00 per stk"
Hus og hjem,"Rull med 20 poser, 1 stk",Kildesorteringsposer til plastemballasje,"kr 0,00",Poser og folie,"kr 0,00 per stk"
Hus og hjem,"10l, 20 stk",Biobag Komposterbare Poser,"kr 29,60",Poser og folie,"kr 1,48 per stk"
"Shampo, såpe og hudpleie","Assortert Variant, 300 ml",Håndsåpe Flaske Refill,"kr 14,40",Håndsåpe,"kr 48,00 per l"
Brød og frokostblandinger,"Glutenfri, 300 g",Flerkornbrød,"kr 46,50",Langtidsholdbare brød,"kr 155,00 per kg"
Brød og frokostblandinger,"Glutenfri, 200 g",Ciabatta,"kr 31,40",Langtidsholdbare brød,"kr 157,00 per kg"
Brød og frokostblandinger,"Glutenfri, 200 g",Ciabatta Rustica,"kr 29,80",Langtidsholdbare brød,"kr 149,00 per kg"
Brød og frokostblandinger,"Glutenfri, 300 g",Minibaguetter,"kr 53,40",Langtidsholdbare brød,"kr 178,00 per kg"
Brød og frokostblandinger,"Glutenfri, 300 g",Fiberbaguetter,"kr 59,80",Langtidsholdbare brød,"kr 199,33 per kg"
Brød og frokostblandinger,300 g,Landbrød Glutenfri,"kr 51,70",Langtidsholdbare brød,"kr 172,33 per kg"
Brød og frokostblandinger,"Glutenfri, 400 g",Flerkornbrød,"kr 55,40",Langtidsholdbare brød,"kr 138,50 per kg"
Drikkevarer,"Appelsin, 0,5 l",YT Sportsdrikk,"kr 27,00",Vann og mineralvann,"kr 54,00 per l"
Drikkevarer,"Produsert av Telemark Kildevann, 5 l",Norsk Vann,"kr 33,30",Vann og mineralvann,"kr 6,66 per l"
Drikkevarer,"1,5 l",Prima Vann med Kullsyre Naturell,"kr 6,80",Vann og mineralvann,"kr 4,53 per l"
Brød og frokostblandinger,40 g,Sandwich Cheese & Paprika,"kr 14,70",Knekkebrød,"kr 367,50 per kg"
Brød og frokostblandinger,40 g,Sandwich Tomat & Basilikum,"kr 13,40",Knekkebrød,"kr 335,00 per kg"
Brød og frokostblandinger,32 g,Sandwich Hummus,"kr 14,70",Knekkebrød,"kr 459,38 per kg"
Brød og frokostblandinger,"Knekkebrød, 400 g",Ryvita Rug,"kr 29,80",Knekkebrød,"kr 74,50 per kg"
Brød og frokostblandinger,"Knekkebrød, 200 g",Ryvita Muesli Crunch,"kr 39,10",Knekkebrød,"kr 195,50 per kg"
Brød og frokostblandinger,"Knekkebrød, 250 g",Ryvita Multigrain,"kr 33,80",Knekkebrød,"kr 135,20 per kg"
Mathall,150 g,Parmigiano Reggiano,"kr 60,60",Ostedisken,"kr 404,00 per kg"
Mathall,200 g,Grana Padano,"kr 54,90",Ostedisken,"kr 274,50 per kg"
Mathall,200 g,Grana Padano Trekant 10 mnd DOP,,Ostedisken,"kr 312,90 per kg"
Mathall,200 g,Manchego 3 mnd DOP,,Ostedisken,"kr 290,85 per kg"
Mathall,"Lagret 6 mnd, 150 g",Manchego DOP,"kr 57,60",Ostedisken,"kr 384,00 per kg"
Mathall,"Classic fra Alambra, 250 g",Halloumi,"kr 69,80",Ostedisken,"kr 279,20 per kg"
Mathall,200 g,Halloumi,"kr 47,60",Ostedisken,"kr 238,00 per kg"
Mathall,125 g,Mozzarella di Bufala Fersk,"kr 49,80",Ostedisken,"kr 398,40 per kg"
Mathall,150 g,Castello Blå,,Ostedisken,"kr 161,47 per kg"
Mathall,300 g,Håndlaget Økologisk Plommesyltetøy,"kr 64,90",Pålegg og spekemat,"kr 216,33 per kg"
Brød og frokostblandinger,475 g,Granola Solbær,"kr 51,50",Frokostblandinger og gryn,"kr 108,42 per kg"
Brød og frokostblandinger,475 g,Granola Blåbær Dadler,"kr 48,70",Frokostblandinger og gryn,"kr 102,53 per kg"
Brød og frokostblandinger,375 g,Granola Bringebær & Kanel,"kr 48,50",Frokostblandinger og gryn,"kr 129,33 per kg"
Brød og frokostblandinger,"1,2 kg",Urkraft Store Havregryn,"kr 24,00",Frokostblandinger og gryn,"kr 20,00 per kg"
Brød og frokostblandinger,"1,2 kg",Urkraft Lettkokte Havregryn,"kr 21,60",Frokostblandinger og gryn,"kr 18,00 per kg"
Brød og frokostblandinger,1 kg,Glutenfri Havregryn store,"kr 33,40",Frokostblandinger og gryn,"kr 33,40 per kg"
Brød og frokostblandinger,65 g,Havregrøt Energi,"kr 11,90",Frokostblandinger og gryn,"kr 183,08 per kg"
Middager og tilbehør,800 g,Rømmegrøt,"kr 51,60",Ferdige middagsretter,"kr 64,50 per kg"
Middager og tilbehør,385 g,Risgrøt Velbekomme,"kr 35,80",Ferdige middagsretter,"kr 92,99 per kg"
Middager og tilbehør,385 g,Laktosefri Risgrøt,"kr 36,90",Ferdige middagsretter,"kr 95,84 per kg"
Middager og tilbehør,900 g,Risengrynsgraut,"kr 26,10",Ferdige middagsretter,"kr 29,00 per kg"
Middager og tilbehør,350 g,Kjøttsuppe,"kr 42,40",Ferdige middagsretter,"kr 121,14 per kg"
Middager og tilbehør,491 g,Fjordland Kjøttkaker med kålstuing,"kr 65,80",Ferdige middagsretter,"kr 134,01 per kg"
Middager og tilbehør,450 g,Lys Lapskaus,"kr 62,50",Ferdige middagsretter,"kr 138,89 per kg"
Middager og tilbehør,350 g,Fiskesuppe med Creme Fraiche & Urter,"kr 43,90",Ferdige middagsretter,"kr 125,43 per kg"
Middager og tilbehør,500 g,"Kokt Laks med Urtesaus, Gulrot & Poteter","kr 92,70",Ferdige middagsretter,"kr 185,40 per kg"
Hus og hjem,1 stk,Tesil med klype,"kr 39,90",Kjøkkenredskap,"kr 39,90 per stk"
Hus og hjem,1 stk,Kjevle bøk,"kr 99,90",Kjøkkenredskap,"kr 99,90 per stk"
Brød og frokostblandinger,1100 g,Jättefranska,"kr 47,00",Frosne brød og rundstykker,"kr 42,73 per kg"
Brød og frokostblandinger,1100 g,Rasker,"kr 49,30",Frosne brød og rundstykker,"kr 44,82 per kg"
Brød og frokostblandinger,650 g,Lantgodabrød,"kr 39,80",Frosne brød og rundstykker,"kr 61,23 per kg"
Brød og frokostblandinger,500 g,Lingongrova,"kr 42,20",Frosne brød og rundstykker,"kr 84,40 per kg"
Brød og frokostblandinger,450 g,Rosta,"kr 28,80",Frosne brød og rundstykker,"kr 64,00 per kg"
Brød og frokostblandinger,"Glutenfri, 500 g",Grova,"kr 63,60",Frosne brød og rundstykker,"kr 127,20 per kg"
Brød og frokostblandinger,"Glutenfri, 500 g",Havrebrød,"kr 69,80",Frosne brød og rundstykker,"kr 139,60 per kg"
Hus og hjem,1 stk,Usb-c Til Hdmi-adapter,"kr 299,90",Kontor,"kr 299,90 per stk"
Hus og hjem,"iPod/iPhone/iPad, 1 stk",USB-lader Lightning 230v,"kr 199,90",Kontor,"kr 199,90 per stk"
Hus og hjem,1 stk,Tegneblokk FSC A4 50 ark,"kr 49,90",Kontor,"kr 49,90 per stk"
Hus og hjem,"For 26/6 klammer, 1 stk",Stiftemaskin,"kr 59,90",Kontor,"kr 59,90 per stk"
Hus og hjem,"30 ark, 1 stk",Hullemaskin,"kr 79,90",Kontor,"kr 79,90 per stk"
Hus og hjem,"180x265mm, 10 stk",Boblepose,"kr 59,90",Kontor,"kr 5,99 per stk"
Hus og hjem,"8 deler, 1 stk",Notismix,"kr 69,90",Kontor,"kr 69,90 per stk"
Hus og hjem,1 stk,Kalkulator,"kr 69,90",Kontor,"kr 69,90 per stk"
Hus og hjem,"215x120mm, 10 stk",Boblepose,"kr 49,90",Kontor,"kr 4,99 per stk"
Hus og hjem,"360x270mm, 10 stk",Boblepose,"kr 69,90",Kontor,"kr 6,99 per stk"
"Shampo, såpe og hudpleie",1 stk,Lemongrass Moisturizer Garnier Bio,"kr 103,00",Hudpleie,"kr 103,00 per stk"
"Shampo, såpe og hudpleie",1 stk,Nourishing Mist Garnier Bio,"kr 82,20",Hudpleie,"kr 82,20 per stk"
"Shampo, såpe og hudpleie",1 stk,Purifying Thyme Perfecting Toner Garnier Bio,"kr 92,60",Hudpleie,"kr 92,60 per stk"
"Shampo, såpe og hudpleie",300 ml,Bodylotion Cottontouch,"kr 47,60",Hudpleie,"kr 158,67 per l"
"Shampo, såpe og hudpleie",400 ml,Delicious Glow Body Lotion,"kr 81,50",Hudpleie,"kr 203,75 per l"
"Shampo, såpe og hudpleie",400 ml,Luscious Hydration Body Lotion,"kr 81,40",Hudpleie,"kr 203,50 per l"
Tørkepapir og vaskemidler,"Tøyvask, 595 ml",Milo Flytende,"kr 57,90",Klesvask,"kr 97,31 per l"
Tørkepapir og vaskemidler,"Parfymefri, 595 ml",Milo Ull & Silke,"kr 62,80",Klesvask,"kr 3,69 per vask"
Tørkepapir og vaskemidler,490 ml,Milo Tøyvask Refill,"kr 53,80",Klesvask,"kr 109,80 per l"
Tørkepapir og vaskemidler,1 l,Tøyvask Ull & Silke,"kr 25,60",Klesvask,"kr 25,60 per l"
Tørkepapir og vaskemidler,750 ml,Tøymykner,"kr 29,30",Klesvask,"kr 39,07 per l"
Tørkepapir og vaskemidler,750 ml,Comfort Sensitive Tøymykner,"kr 38,20",Klesvask,"kr 50,93 per l"
Tørkepapir og vaskemidler,750 ml,Comfort Fresh Tech,"kr 43,80",Klesvask,"kr 58,40 per l"
Mathall,"Strøm-Larsen, 1 kg",Lammekoteletter,"kr 249,00",Kjøttdisken,"kr 249,00 per kg"
Mathall,600 g,Okse Bibringe,"kr 91,60",Kjøttdisken,"kr 152,67 per kg"
Mathall,"Fryst, 1 kg",Oksehaler,"kr 129,60",Kjøttdisken,"kr 129,60 per kg"
Mathall,500 g,Okse Høyrygg i Terninger,"kr 147,70",Kjøttdisken,"kr 295,40 per kg"
Mathall,600 g,Lammebog Uten Ben i Terninger,"kr 166,40",Kjøttdisken,"kr 277,33 per kg"
Mathall,400 g,Kjøttdeig Økologisk,"kr 96,00",Kjøttdisken,"kr 240,00 per kg"
Mathall,400 g,Karbonadedeig Økologisk,"kr 105,60",Kjøttdisken,"kr 264,00 per kg"
Mathall,ca. 290 g,Økologisk Kyllingbryst Med Skinn,"kr 129,00",Kjøttdisken,"kr 444,83 per kg"
Mathall,ca. 400 g,Økologisk Kyllingfilet I Skiver,"kr 179,00",Kjøttdisken,"kr 447,50 per kg"
Hus og hjem,"30L, 20 stk",Avfallsposer med Knytehåndtak,"kr 24,90",Poser og folie,"kr 1,25 per stk"
Hus og hjem,"Ekstra Sterk, 10 stk",Avfallsekker 160L,"kr 59,90",Poser og folie,"kr 5,99 per stk"
Hus og hjem,"Sort, 10 stk",Avfallssekk 100L,"kr 27,10",Poser og folie,"kr 2,71 per stk"
Hus og hjem,"Klar, 10 stk",Avfallssekk 100L,"kr 29,20",Poser og folie,"kr 2,92 per stk"
Hus og hjem,1 stk,Vakumposer 2-pack,"kr 169,90",Poser og folie,"kr 169,90 per stk"
Hus og hjem,"Bio, 80 stk",Hundeposer Asaklitt,"kr 49,90",Poser og folie,"kr 0,62 per stk"
Brød og frokostblandinger,"Økologisk, 250 g",Solsikkebrød Glutenfri,"kr 39,90",Langtidsholdbare brød,"kr 159,60 per kg"
Brød og frokostblandinger,"Skåret, Glutenfri, Fryst, 500 g",Chia Brød,"kr 52,80",Langtidsholdbare brød,"kr 105,60 per kg"
Brød og frokostblandinger,"Skåret, Glutenfri, Fryst, 500 g",Spire Brød,"kr 47,40",Langtidsholdbare brød,"kr 94,80 per kg"
Brød og frokostblandinger,300 g,Ferdigbakt Grovbrød m Frø Glutenfri,"kr 35,60",Langtidsholdbare brød,"kr 118,67 per kg"
Brød og frokostblandinger,225 g,Ferdigbakt Lyse Baguetter Glutenfri,"kr 34,90",Langtidsholdbare brød,"kr 155,11 per kg"
Brød og frokostblandinger,"Knekkebrød, 250 g",Ryvita Sesam,"kr 28,40",Knekkebrød,"kr 113,60 per kg"
Brød og frokostblandinger,"Knekkebrød, 250 g",Ryvita Rug,"kr 23,40",Knekkebrød,"kr 93,60 per kg"
Brød og frokostblandinger,320 g,Frukost Fullkorn,"kr 18,90",Knekkebrød,"kr 59,06 per kg"
Brød og frokostblandinger,"Økologisk, 180 g",Eko Krispig Råg,"kr 37,30",Knekkebrød,"kr 207,22 per kg"
Brød og frokostblandinger,260 g,Husman,"kr 13,00",Knekkebrød,"kr 50,00 per kg"
Brød og frokostblandinger,230 g,Fiber Balance,"kr 19,40",Knekkebrød,"kr 84,35 per kg"
Brød og frokostblandinger,285 g,Delikatess Sesam,"kr 23,80",Knekkebrød,"kr 83,51 per kg"
Mathall,150 g,Castello Hvit,,Ostedisken,"kr 185,73 per kg"
Mathall,150 g,Castello White med Chili,,Ostedisken,"kr 204,40 per kg"
Mathall,150 g,Gamalost Frå Vik,,Ostedisken,"kr 286,93 per kg"
Mathall,180 g,Pultost Løiten,,Ostedisken,"kr 237,33 per kg"
Mathall,150 g,Saint Agur Creme,,Ostedisken,"kr 339,27 per kg"
Mathall,225 g,Halloumi,"kr 68,90",Ostedisken,"kr 306,22 per kg"
Mathall,330 g,Ekte Hvit Geitost,,Ostedisken,"kr 157,09 per kg"
Brød og frokostblandinger,"Lettkokte, Original, 1,1 kg",Bjørn Havregryn,"kr 18,90",Frokostblandinger og gryn,"kr 17,18 per kg"
Brød og frokostblandinger,675 g,4 Korn,"kr 23,80",Frokostblandinger og gryn,"kr 35,26 per kg"
Brød og frokostblandinger,550 g,Byggryn Hele,"kr 17,80",Frokostblandinger og gryn,"kr 32,36 per kg"
Brød og frokostblandinger,950 g,Havrekli,"kr 38,80",Frokostblandinger og gryn,"kr 40,84 per kg"
Brød og frokostblandinger,"Økologisk, 500 g",The Ultimate Granola,"kr 91,90",Frokostblandinger og gryn,"kr 183,80 per kg"
Brød og frokostblandinger,"Økologisk, 500 g",Strawberry & Raspberry Granola,"kr 90,50",Frokostblandinger og gryn,"kr 181,00 per kg"
Middager og tilbehør,"Gulrøtter og Poteter, 550 g",Torsk i Purreløksaus,"kr 63,80",Ferdige middagsretter,"kr 116,00 per kg"
Middager og tilbehør,500 g,Fiskeboller i Hvit Saus,"kr 62,40",Ferdige middagsretter,"kr 124,80 per kg"
Middager og tilbehør,350 g,Laks og Pasta,"kr 50,80",Ferdige middagsretter,"kr 145,14 per kg"
Middager og tilbehør,470 g,Pasta Penne,"kr 60,40",Ferdige middagsretter,"kr 128,51 per kg"
Middager og tilbehør,350 g,Pasta med Ost & Skinkesaus,"kr 47,40",Ferdige middagsretter,"kr 135,43 per kg"
Middager og tilbehør,330 g,Kylling og Ris,"kr 52,80",Ferdige middagsretter,"kr 160,00 per kg"
Middager og tilbehør,"Vegetar, 330 g",Indisk grønnsaksgryte,"kr 49,80",Ferdige middagsretter,"kr 150,91 per kg"
Middager og tilbehør,"med Fullkornpasta, 480 g",Sunt & Godt Kjøttboller i Tomatsaus,"kr 72,80",Ferdige middagsretter,"kr 151,67 per kg"
Brød og frokostblandinger,"Glutenfri, 500 g",Loff,"kr 67,60",Frosne brød og rundstykker,"kr 135,20 per kg"
Brød og frokostblandinger,"Glutenfri, 500 g",Fiberbrød,"kr 72,90",Frosne brød og rundstykker,"kr 145,80 per kg"
Brød og frokostblandinger,"Glutenfri, 500 g",Fria Familiekneipp,"kr 69,40",Frosne brød og rundstykker,"kr 138,80 per kg"
Brød og frokostblandinger,500 g,Glutenfri Havrebrød,"kr 50,60",Frosne brød og rundstykker,"kr 101,20 per kg"
Brød og frokostblandinger,600 g,Glutenfri Fiberbrød,"kr 54,00",Frosne brød og rundstykker,"kr 90,00 per kg"
Brød og frokostblandinger,500 g,Glutenfri Kornbrød,"kr 40,00",Frosne brød og rundstykker,"kr 80,00 per kg"
Brød og frokostblandinger,"Glutenfri, 500 g",Loff,"kr 38,50",Frosne brød og rundstykker,"kr 77,00 per kg"
Brød og frokostblandinger,"Glutenfri, 450 g",Grovbrød Xl,"kr 51,10",Frosne brød og rundstykker,"kr 113,56 per kg"
Hus og hjem,1 stk,Klammer til Stiftemaskin 26/6,"kr 39,90",Kontor,"kr 39,90 per stk"
Hus og hjem,1 stk,Memotavle med penn,"kr 69,90",Kontor,"kr 69,90 per stk"
Hus og hjem,1 stk,Id kortholder med jojo,"kr 89,90",Kontor,"kr 89,90 per stk"
Tørkepapir og vaskemidler,750 ml,Comfort Sommerfrisk,"kr 42,60",Klesvask,"kr 56,80 per l"
Tørkepapir og vaskemidler,750 ml,Comfort Kløver & Agurk,"kr 42,60",Klesvask,"kr 56,80 per l"
Tørkepapir og vaskemidler,750 ml,Comfort Mandarin & Hylleblomst,"kr 42,60",Klesvask,"kr 56,80 per l"
Tørkepapir og vaskemidler,"Sensitive, 750 ml",Blenda Tøymykner,"kr 44,90",Klesvask,"kr 59,87 per l"
Tørkepapir og vaskemidler,750 ml,Milo Tøymykner,"kr 43,00",Klesvask,"kr 57,33 per l"
Tørkepapir og vaskemidler,1 l,Tøymykner Sommereng,"kr 19,80",Klesvask,"kr 19,80 per l"
Mathall,ca. 500 g,Økologisk Kyllingkjøttdeig,"kr 119,00",Kjøttdisken,"kr 238,00 per kg"
Mathall,"Fryst, 400 g",Karbonadedeig Av Elg,"kr 139,00",Kjøttdisken,"kr 347,50 per kg"
Mathall,4 stk,Hellstrøms Angus Pølser,"kr 69,90",Kjøttdisken,"kr 174,75 per kg"
Mathall,"Spikkerud Gård, 3 stk",Økologisk Bratwurst,"kr 79,90",Kjøttdisken,"kr 228,29 per kg"
Mathall,"3 Stk, 300 g",Lammepølser,"kr 69,90",Kjøttdisken,"kr 233,00 per kg"
Mathall,"3 stk, 300 g",Grillpølser Lange,"kr 59,90",Kjøttdisken,"kr 199,67 per kg"
Mathall,"3stk, 300 g",Pølser Chipotle,"kr 69,90",Kjøttdisken,"kr 233,00 per kg"
Mathall,"3 Stk, 300 g",Kreolsk Chillipølser,"kr 69,90",Kjøttdisken,"kr 233,00 per kg"
Brød og frokostblandinger,280 g,Knekkebrød Havre,"kr 23,90",Knekkebrød,"kr 85,36 per kg"
Brød og frokostblandinger,480 g,Frukost Økonomi,"kr 27,90",Knekkebrød,"kr 58,13 per kg"
Brød og frokostblandinger,240 g,Frukost Knekkebrød,"kr 15,90",Knekkebrød,"kr 66,25 per kg"
Brød og frokostblandinger,120 g,Tynnknekke Havre,"kr 42,10",Knekkebrød,"kr 350,83 per kg"
Brød og frokostblandinger,120 g,Tynnknekke Rug,"kr 42,10",Knekkebrød,"kr 350,83 per kg"
Brød og frokostblandinger,250 g,Go'knekke Fiber,"kr 27,90",Knekkebrød,"kr 111,60 per kg"
Brød og frokostblandinger,250 g,Go'knekke Rug,"kr 21,40",Knekkebrød,"kr 85,60 per kg"
Brød og frokostblandinger,"Glutenfri, 215 g",Havreknekkebrød,"kr 30,60",Knekkebrød,"kr 142,33 per kg"
Brød og frokostblandinger,"Glutenfri, 500 g",Coconut & Seed Muesli,"kr 70,80",Frokostblandinger og gryn,"kr 141,60 per kg"
Brød og frokostblandinger,"Økologisk, 500 g",Superfrø Muesli,"kr 74,70",Frokostblandinger og gryn,"kr 149,40 per kg"
Brød og frokostblandinger,400 g,"Müsli med Blåbær, Bringebær & Vanilje","kr 69,80",Frokostblandinger og gryn,"kr 174,50 per kg"
Brød og frokostblandinger,400 g,"Müsli med Jordbær, Kokos og Kardemomme","kr 69,80",Frokostblandinger og gryn,"kr 174,50 per kg"
Brød og frokostblandinger,400 g,"Müsli med Eple, Kanel og Tranebær","kr 66,80",Frokostblandinger og gryn,"kr 167,00 per kg"
Brød og frokostblandinger,260 g,Puffet Ris,"kr 14,60",Frokostblandinger og gryn,"kr 56,15 per kg"
Middager og tilbehør,490 g,Sunt & Godt kyllingbryst,"kr 90,40",Ferdige middagsretter,"kr 184,49 per kg"
Middager og tilbehør,460 g,Red Curry,"kr 74,00",Ferdige middagsretter,"kr 160,87 per kg"
Middager og tilbehør,"Med Jasminris, 460 g",Kyllinggryte Sweet & Sour,"kr 52,80",Ferdige middagsretter,"kr 114,78 per kg"
Middager og tilbehør,566 g,Svenske Kjøttboller,"kr 68,60",Ferdige middagsretter,"kr 121,20 per kg"
Middager og tilbehør,605 g,Kjøttkaker med Ertestuing,"kr 64,20",Ferdige middagsretter,"kr 106,12 per kg"
Middager og tilbehør,"Liten Porsjon, 355 g",Kjøttkaker med Gulrøtter og Poteter,"kr 52,40",Ferdige middagsretter,"kr 147,61 per kg"
Middager og tilbehør,460 g,Biff Stroganoff Med Ris,"kr 59,80",Ferdige middagsretter,"kr 130,00 per kg"
Middager og tilbehør,580 g,Oksekjøtt i Saus,"kr 83,90",Ferdige middagsretter,"kr 144,66 per kg"
Middager og tilbehør,580 g,Svinestek,"kr 81,90",Ferdige middagsretter,"kr 141,21 per kg"
Brød og frokostblandinger,"Glutenfri, 400 g",Brød Toasty Fiber,"kr 52,40",Frosne brød og rundstykker,"kr 131,00 per kg"
Brød og frokostblandinger,"Skåret, Glutenfri, Fryst, 500 g",Spire Brød,"kr 47,40",Frosne brød og rundstykker,"kr 94,80 per kg"
Brød og frokostblandinger,"Skåret, Glutenfri, Fryst, 500 g",Chia Brød,"kr 52,80",Frosne brød og rundstykker,"kr 105,60 per kg"
Brød og frokostblandinger,2 stk,Glutenfri Wienertoast,"kr 37,30",Frosne brød og rundstykker,"kr 207,22 per kg"
Brød og frokostblandinger,"Med Kylling & Ramsløk, 2 stk",Grov Toast,"kr 31,10",Frosne brød og rundstykker,"kr 163,68 per kg"
Brød og frokostblandinger,"16 Stk, 600 g",Havre Polarbrød,"kr 42,80",Frosne brød og rundstykker,"kr 71,33 per kg"
Brød og frokostblandinger,420 g,Polarbrød Flerkorn,"kr 37,90",Frosne brød og rundstykker,"kr 90,24 per kg"
Brød og frokostblandinger,"2 stk, 350 g",Hvitløksbaguetter,"kr 14,40",Frosne brød og rundstykker,"kr 41,14 per kg"
Tørkepapir og vaskemidler,750 ml,Tøymykner Frisk Duft,"kr 26,10",Klesvask,"kr 34,80 per l"
Tørkepapir og vaskemidler,750 ml,Tøymykner Sensitive,"kr 24,80",Klesvask,"kr 33,07 per l"
Tørkepapir og vaskemidler,500 ml,Neutral Flekkfjerning,"kr 51,90",Klesvask,"kr 103,80 per l"
Tørkepapir og vaskemidler,350 ml,Powerlift Flekkfjerner,"kr 52,60",Klesvask,"kr 150,29 per l"
Tørkepapir og vaskemidler,750 ml,Flekkfjerner Forbehandler,"kr 43,90",Klesvask,"kr 58,53 per l"
Tørkepapir og vaskemidler,470 g,Vanish Gold Oxi Action,"kr 76,40",Klesvask,"kr 162,55 per kg"
Tørkepapir og vaskemidler,470 g,Pulver Gold Hvit,"kr 76,90",Klesvask,"kr 163,62 per kg"
Mathall,"3 Stk, 300 g",Over Oslo Pølser med Ramsløk,"kr 69,90",Kjøttdisken,"kr 233,00 per kg"
Mathall,"3 Stk, 300 g",Ostepølser med Chili,"kr 69,90",Kjøttdisken,"kr 233,00 per kg"
Mathall,"3 Stk, 300 g",Rostbrattwürst Pølser,"kr 69,90",Kjøttdisken,"kr 233,00 per kg"
Mathall,"3 Stk, 300 g",Sambapølser,"kr 69,90",Kjøttdisken,"kr 233,00 per kg"
Mathall,Ca. 28 stk,Wienerpølser,"kr 279,00",Kjøttdisken,"kr 139,50 per kg"
Mathall,ca. 500 g,Braisert Lammeskank,"kr 119,00",Kjøttdisken,"kr 238,00 per kg"
Mathall,400 g,Rå Lammeskank,"kr 119,00",Kjøttdisken,"kr 297,50 per kg"
Mathall,"1,4 kg",Røkte Skinkeknoker,"kr 121,30",Kjøttdisken,"kr 86,64 per kg"
Mathall,"1,4 kg",Salte Knoker,"kr 124,80",Kjøttdisken,"kr 89,14 per kg"
Mathall,"Hov Kjøtt, 500 g",Økologiske Medisterkaker,"kr 119,00",Kjøttdisken,"kr 238,00 per kg"
Mathall,"4-5 stk Lår, 1,24 kg",Confit de Canard,"kr 612,60",Kjøttdisken,"kr 494,03 per kg"
Brød og frokostblandinger,"Glutenfri, 140 g",Chia Knekkebrød,"kr 24,80",Knekkebrød,"kr 177,14 per kg"
Brød og frokostblandinger,"Glutenfri, 130 g",Knekkebrød Med Surdeig,"kr 30,70",Knekkebrød,"kr 236,15 per kg"
Brød og frokostblandinger,170 g,Grovkrisp med Sesamfrø,"kr 35,80",Knekkebrød,"kr 210,59 per kg"
Brød og frokostblandinger,"Økologisk, 170 g",Frøkrisp,"kr 40,80",Knekkebrød,"kr 240,00 per kg"
Brød og frokostblandinger,"Frø, 200 g",Speltknekkebrød,"kr 35,50",Knekkebrød,"kr 177,50 per kg"
Brød og frokostblandinger,340 g,Puffet Havre,"kr 20,30",Frokostblandinger og gryn,"kr 59,71 per kg"
Brød og frokostblandinger,1 kg,Fruktmüsli,"kr 25,80",Frokostblandinger og gryn,"kr 25,80 per kg"
Brød og frokostblandinger,"Økologisk, 375 g",Müsli Knasende med Frukt,"kr 66,90",Frokostblandinger og gryn,"kr 178,40 per kg"
Brød og frokostblandinger,500 g,Havregryn Lettkokt,"kr 38,00",Frokostblandinger og gryn,"kr 76,00 per kg"
Brød og frokostblandinger,500 g,Havregryn Steel Cut,"kr 44,40",Frokostblandinger og gryn,"kr 88,80 per kg"
Brød og frokostblandinger,500 g,Fiberhavre Steel Cut,"kr 61,40",Frokostblandinger og gryn,"kr 122,80 per kg"
Brød og frokostblandinger,500 g,Havre & Quinoa Steel Cut,"kr 61,40",Frokostblandinger og gryn,"kr 122,80 per kg"
Brød og frokostblandinger,4 kg,Byggrynsgrøt,"kr 242,80",Frokostblandinger og gryn,"kr 60,70 per kg"
Middager og tilbehør,490 g,Biffsnadder med Krydderpoteter & Bearnaisesaus,"kr 95,30",Ferdige middagsretter,"kr 194,49 per kg"
Middager og tilbehør,450 g,Fransk Biffgryte,"kr 77,40",Ferdige middagsretter,"kr 172,00 per kg"
Middager og tilbehør,430 g,Fransk Kyllinggryte,"kr 85,90",Ferdige middagsretter,"kr 199,77 per kg"
Middager og tilbehør,565 g,Brimis Middagskaker,"kr 70,90",Ferdige middagsretter,"kr 125,49 per kg"
Middager og tilbehør,450 g,Tikka Masala Kylling,"kr 66,80",Ferdige middagsretter,"kr 148,44 per kg"
Middager og tilbehør,270 g,Pasta Cheese & Bacon,"kr 36,30",Ferdige middagsretter,"kr 134,44 per kg"
Middager og tilbehør,270 g,Yellow Curry,"kr 37,80",Ferdige middagsretter,"kr 140,00 per kg"
Middager og tilbehør,350 g,Thai Kylling Peanut,"kr 44,70",Ferdige middagsretter,"kr 127,71 per kg"
Middager og tilbehør,350 g,Thai Chicken Red Curry,"kr 45,60",Ferdige middagsretter,"kr 130,29 per kg"
Brød og frokostblandinger,"15 stk, 750 g",Miniflutes Fine,"kr 26,60",Frosne brød og rundstykker,"kr 35,47 per kg"
Brød og frokostblandinger,"10 x 60g, 600 g",Prima Rundstykker,"kr 33,80",Frosne brød og rundstykker,"kr 56,33 per kg"
Brød og frokostblandinger,"12x50g, 600 g",Miniflutes Fullkorn,"kr 27,80",Frosne brød og rundstykker,"kr 46,33 per kg"
Brød og frokostblandinger,1 stk,Glutenfritt Grovbrød,"kr 69,90",Frosne brød og rundstykker,"kr 170,49 per kg"
Brød og frokostblandinger,"Halvstekte, 9 stk",Grove Økologiske Rundstykker,"kr 89,90",Frosne brød og rundstykker,"kr 89,90 per kg"
Brød og frokostblandinger,"Halvstekte, 5 stk",Økologiske Grove Baguetter,"kr 89,90",Frosne brød og rundstykker,"kr 119,87 per kg"
Tørkepapir og vaskemidler,549 g,Biotex Håndvask,"kr 38,40",Klesvask,"kr 4,27 per vask"
Tørkepapir og vaskemidler,400 ml,Stiff Stivelse Spray,"kr 48,80",Klesvask,"kr 122,00 per l"
Tørkepapir og vaskemidler,120 g,Maskinrens,"kr 91,90",Klesvask,"kr 765,83 per kg"
Tørkepapir og vaskemidler,2 stk,Vaskemaskinrens,"kr 49,90",Klesvask,"kr 24,95 per stk"
Mathall,"Skivet, 250 g",Filetbacon av Fjellgris,"kr 74,90",Kjøttdisken,"kr 299,60 per kg"
Mathall,"Skivet, 250 g",Fjellgrisbacon,"kr 89,90",Kjøttdisken,"kr 359,60 per kg"
Mathall,700 g,Flatbird Med Salvie & Sitron,"kr 109,00",Kjøttdisken,"kr 155,71 per kg"
Mathall,"Rett i Ovnen, 260 g",Kyllinglår med Smør,"kr 55,00",Kjøttdisken,"kr 211,54 per kg"
Mathall,"Skivet, 250 g",Nakkebacon av Fjellgris,"kr 79,90",Kjøttdisken,"kr 319,60 per kg"
Mathall,"2 stk, ca. 500 g",Panert Kalvesnitzel,"kr 139,00",Kjøttdisken,"kr 278,00 per kg"
Mathall,ca. 600 g,Spareribs av Fjellgris,"kr 139,00",Kjøttdisken,"kr 231,67 per kg"
Brød og frokostblandinger,125 g,Friggs Maiskaker Ost,"kr 30,50",Knekkebrød,"kr 244,00 per kg"
Brød og frokostblandinger,130 g,Friggs Maiskaker Chia & Havsalt,"kr 23,50",Knekkebrød,"kr 180,77 per kg"
Brød og frokostblandinger,"Glutenfri, 25 g",Maiskaker Snackpack Cheese,"kr 14,10",Knekkebrød,"kr 564,00 per kg"
Brød og frokostblandinger,"Glutenfri, 25 g",Maiskaker Snackpack Taco,"kr 12,20",Knekkebrød,"kr 488,00 per kg"
Brød og frokostblandinger,100 g,Riskaker,"kr 8,40",Knekkebrød,"kr 84,00 per kg"
Brød og frokostblandinger,300 g,Flatbrød,"kr 17,30",Knekkebrød,"kr 57,67 per kg"
Brød og frokostblandinger,275 g,Korni Flatbrød,"kr 21,40",Knekkebrød,"kr 77,82 per kg"
Brød og frokostblandinger,425 g,Müsli Bær,"kr 60,20",Frokostblandinger og gryn,"kr 141,65 per kg"
Brød og frokostblandinger,350 g,Glutenfri Granola Bringebær,"kr 73,60",Frokostblandinger og gryn,"kr 210,29 per kg"
Brød og frokostblandinger,380 g,Granola Jordbær,"kr 48,70",Frokostblandinger og gryn,"kr 128,16 per kg"
Brød og frokostblandinger,"Store, 600 g",Havregryn Økologisk,"kr 31,40",Frokostblandinger og gryn,"kr 52,33 per kg"
Brød og frokostblandinger,"Lettkokte, 550 g",Økologisk Havregryn,"kr 28,40",Frokostblandinger og gryn,"kr 51,64 per kg"
Brød og frokostblandinger,"Glutenfri, 325 g",Herkules Frokostkuler,"kr 51,10",Frokostblandinger og gryn,"kr 157,23 per kg"
Brød og frokostblandinger,"Uten Skall, 180 g",Økologiske Hempfrø,"kr 52,80",Frokostblandinger og gryn,"kr 293,33 per kg"
Brød og frokostblandinger,350 g,Havregott Jordbær,"kr 40,60",Frokostblandinger og gryn,"kr 116,00 per kg"
Brød og frokostblandinger,"Glutenfri, 350 g",Müsli Papaya,"kr 44,80",Frokostblandinger og gryn,"kr 128,00 per kg"
Middager og tilbehør,350 g,Kylling Tikka Masala,"kr 41,50",Ferdige middagsretter,"kr 118,57 per kg"
Brød og frokostblandinger,"7 stk, 420 g",Pizzasnurrer,"kr 39,00",Frosne brød og rundstykker,"kr 92,86 per kg"
Brød og frokostblandinger,"Med Spelt, 2 stk",Økologiske Pitabrød,"kr 29,90",Frosne brød og rundstykker,"kr 166,11 per kg"
Mathall,"I Stk, 250 g",Tørrsaltet bacon,"kr 119,00",Kjøttdisken,"kr 476,00 per kg"
Mathall,3 stk,Lunsjkaker,"kr 39,90",Kjøttdisken,"kr 147,78 per kg"
Mathall,"Grov Pølse, 3 stk",Grov Østfolding,"kr 49,90",Kjøttdisken,"kr 142,57 per kg"
Mathall,2 stk,Ferske Hamburgere,"kr 99,00",Kjøttdisken,"kr 275,00 per kg"
Mathall,"Med Løk, 5 stk",Grove karbonader,"kr 79,90",Kjøttdisken,"kr 177,56 per kg"
Mathall,"ca. 1,5 kg",Pinnekjøtt Av Lam Røkt,"kr 429,00",Kjøttdisken,"kr 286,00 per kg"
Mathall,"Grov Pølse, 3 stk",Sterk Østfolding,"kr 49,90",Kjøttdisken,"kr 142,57 per kg"
Mathall,3 stk,Elgkarbonader,"kr 49,90",Kjøttdisken,"kr 184,81 per kg"
Mathall,6 stk,Medisterkaker,"kr 59,90",Kjøttdisken,"kr 153,59 per kg"
Brød og frokostblandinger,"Mors Hjemmebakte, 520 g",Flatbrød,"kr 36,60",Knekkebrød,"kr 70,38 per kg"
Brød og frokostblandinger,190 g,Røros-Flatbrød med Tyttebær,"kr 39,70",Knekkebrød,"kr 208,95 per kg"
Brød og frokostblandinger,190 g,Røros-Flatbrød Økologisk,"kr 35,40",Knekkebrød,"kr 186,32 per kg"
Brød og frokostblandinger,400 g,Emma Fullkorn,"kr 34,80",Knekkebrød,"kr 87,00 per kg"
Brød og frokostblandinger,300 g,Fullkorn Skorpe Uten Sukker,"kr 29,20",Knekkebrød,"kr 97,33 per kg"
Brød og frokostblandinger,400 g,Kavring,"kr 31,40",Knekkebrød,"kr 78,50 per kg"
Brød og frokostblandinger,500 g,Honningristet Musli,"kr 99,00",Frokostblandinger og gryn,"kr 198,00 per kg"
Brød og frokostblandinger,"Steinmalt, 700 g",Økologiske Store Havregryn,"kr 44,90",Frokostblandinger og gryn,"kr 64,14 per kg"
Brød og frokostblandinger,340 g,Økologisk Honning og Nøttegranola,"kr 99,00",Frokostblandinger og gryn,"kr 291,18 per kg"
Brød og frokostblandinger,50 g,Havregrøt Med Melk,"kr 10,80",Frokostblandinger og gryn,"kr 216,00 per kg"
Mathall,"ca. 2,4 kg",Økologisk Hel kylling,"kr 369,00",Kjøttdisken,"kr 153,75 per kg"
Brød og frokostblandinger,200 g,Crisp Erterflatbrød,"kr 29,80",Knekkebrød,"kr 149,00 per kg"
Brød og frokostblandinger,"Klibrød, 100 g",GG Superfiber Rug,"kr 28,90",Knekkebrød,"kr 289,00 per kg"
Legemidler og helsekost,"4mg, 105 stk",Nicorette Classic,"kr 344,10",Nikotinprodukter,"kr 3,28 per stk"
Legemidler og helsekost,"2mg, 105 stk",Nicorette Icemint,"kr 228,90",Nikotinprodukter,"kr 2,18 per stk"
Legemidler og helsekost,"2mg, 105 stk",Nicorette Tyggegummi Fruitmint,"kr 224,90",Nikotinprodukter,"kr 2,14 per stk"
Legemidler og helsekost,"4mg, 105 stk",Nicorette Icemint,"kr 309,90",Nikotinprodukter,"kr 2,95 per stk"
Legemidler og helsekost,"2 mg, 96 stk",Nicotinell Tyggegummi Icemint,"kr 215,90",Nikotinprodukter,"kr 2,25 per stk"
Legemidler og helsekost,"2 mg, 96 stk",Nicotinell Tyggegummi Tropisk,"kr 217,90",Nikotinprodukter,"kr 2,27 per stk"
Legemidler og helsekost,"1mg/dose, 150 doser, 1 stk",Nicorette Munnspray Mint,"kr 328,00",Nikotinprodukter,"kr 328,00 per stk"
Legemidler og helsekost,"1mg, 96 stk",Nicotinell Sugetablett Mint,"kr 248,90",Nikotinprodukter,"kr 2,59 per stk"
Legemidler og helsekost,"2mg, 80 stk",Nicorette Sugetabletter,"kr 228,90",Nikotinprodukter,"kr 2,86 per stk"
Oster,300 g,Revet Ost Original,"kr 48,80",Revet ost,"kr 162,67 per kg"
Legemidler og helsekost,"6 stk, 138 g",Müslibar Sjokolade og Kokos,"kr 28,20",Proteinbar og müslibar,"kr 204,35 per kg"
Legemidler og helsekost,"4 mg, 96 stk",Nicotinell Icemint,"kr 290,20",Nikotinprodukter,"kr 3,02 per stk"
Legemidler og helsekost,"2 mg, 96 stk",Nicotinell Lakris,"kr 220,10",Nikotinprodukter,"kr 2,29 per stk"
Oster,250 g,Revet Ost 4 Oster,"kr 47,70",Revet ost,"kr 190,80 per kg"
Oster,450 g,Revet Økonomiblanding,"kr 50,00",Revet ost,"kr 111,11 per kg"
Oster,"Revet, 220 g",Apetina Mozzarella,,Revet ost,"kr 115,50 per kg"
Oster,200 g,Jarlsberg Revet,"kr 31,70",Revet ost,"kr 158,50 per kg"
Oster,500 g,Pizzatopping og Gulost,"kr 39,20",Revet ost,"kr 78,40 per kg"
Oster,"Gulost, Cheddar, Emmenthaler, 180 g",Revet,"kr 34,80",Revet ost,"kr 193,33 per kg"
Oster,180 g,Mozzarella Revet 22%,"kr 31,60",Revet ost,"kr 175,56 per kg"
Legemidler og helsekost,"6 stk, 138 g",Müslibar Hasselnøtt og Havre,"kr 27,70",Proteinbar og müslibar,"kr 200,72 per kg"
Legemidler og helsekost,"6 stk, 138 g",Müslibar Sjokolade og Nøtter 23g 6pk,"kr 27,70",Proteinbar og müslibar,"kr 200,72 per kg"
Legemidler og helsekost,4 stk,Smooth Caramel,"kr 100,70",Proteinbar og müslibar,"kr 25,18 per stk"
Legemidler og helsekost,"4pk, 0,24 kg",Premium Dark Chocolate,"kr 95,50",Proteinbar og müslibar,"kr 397,92 per kg"
Legemidler og helsekost,"2pk, 110 g",Chunky Peanut,"kr 56,80",Proteinbar og müslibar,"kr 516,36 per kg"
Legemidler og helsekost,40 g,Toffee Fudge,"kr 33,40",Proteinbar og müslibar,"kr 835,00 per kg"
Legemidler og helsekost,"Havrekjeks & Melkesjokolade, 25 g",Max99 Müslibar,"kr 16,80",Proteinbar og müslibar,"kr 672,00 per kg"
Legemidler og helsekost,"Proteinbar, 50 g",Maxim 40% Brownie,"kr 34,80",Proteinbar og müslibar,"kr 696,00 per kg"
Oster,"Taste Lab, 200 g",Revet Cheddar,"kr 32,60",Revet ost,"kr 163,00 per kg"
Oster,"Taste Lab, 200 g",Revet Ostemix,"kr 34,90",Revet ost,"kr 174,50 per kg"
Oster,300 g,Revet Ost Pizza,"kr 43,80",Revet ost,"kr 146,00 per kg"
Oster,200 g,Go'vegan Revet,"kr 47,80",Revet ost,"kr 239,00 per kg"
Legemidler og helsekost,"Proteinbar, 50 g",Maxim 40% Salty Caramel,"kr 34,80",Proteinbar og müslibar,"kr 696,00 per kg"
Legemidler og helsekost,"Proteinbar, 55 g",Maxim Hero Chocolate,"kr 32,80",Proteinbar og müslibar,"kr 596,36 per kg"
Legemidler og helsekost,100 g,Big 100 Salty Caramel,"kr 32,80",Proteinbar og müslibar,"kr 328,00 per kg"
Legemidler og helsekost,"Proteinbar, 55 g",Maxim Freaky Caramel,"kr 31,80",Proteinbar og müslibar,"kr 578,18 per kg"
Legemidler og helsekost,"Proteinbar, 55 g",Maxim Hunky Peanut,"kr 31,80",Proteinbar og müslibar,"kr 578,18 per kg"
Legemidler og helsekost,50 g,Protein Bar Marzipan Classic 50g,"kr 34,20",Proteinbar og müslibar,"kr 684,00 per kg"
Legemidler og helsekost,"Proteinbar, 55 g",Wildly Lemon Ginger,"kr 30,10",Proteinbar og müslibar,"kr 547,27 per kg"
Oster,500 g,Gudbrandsdalsost G35,"kr 55,90",Brunost,"kr 111,80 per kg"
Legemidler og helsekost,"Berries & Yoghurt, 5 stk, 170 g",Alpen Bar Protein,"kr 34,10",Proteinbar og müslibar,"kr 200,59 per kg"
Oster,1 kg,Gudbrandsdalsost,"kr 101,70",Brunost,"kr 101,70 per kg"
Oster,1 kg,Fløtemysost,"kr 107,70",Brunost,"kr 107,70 per kg"
Oster,500 g,Fløtemysost,"kr 59,60",Brunost,"kr 119,20 per kg"
Oster,500 g,Bestemorost,"kr 71,80",Brunost,"kr 143,60 per kg"
Oster,500 g,Spesial Stølstype Ekte Geitost,"kr 101,90",Brunost,"kr 203,80 per kg"
Oster,"Lettere, 500 g",Gudbrandsdalsost,"kr 62,80",Brunost,"kr 125,60 per kg"
Oster,"Lettere, 500 g",Fløtemysost,"kr 64,00",Brunost,"kr 128,00 per kg"
Oster,130 g,Skivet Gudbrandsdalsost,,Brunost,"kr 119,38 per kg"
Oster,200 g,Philadelphia Original,"kr 30,40",Smøreost og prim,"kr 152,00 per kg"
Oster,150 g,Synnøve Gudbrand Skivet,"kr 21,80",Brunost,"kr 145,33 per kg"
Oster,130 g,Fløtemysost skivet,,Brunost,"kr 118,77 per kg"
Oster,780 g,Gudbrandsdalsost,"kr 68,30",Brunost,"kr 87,56 per kg"
Oster,"Skivet, 130 g",Fløtemysost Lettere,,Brunost,"kr 134,15 per kg"
Oster,480 g,Fløtemysost,"kr 47,80",Brunost,"kr 99,58 per kg"
Oster,200 g,Philadelphia Original Light,"kr 28,90",Smøreost og prim,"kr 144,50 per kg"
Oster,175 g,Philadelphia Krydder,"kr 31,10",Smøreost og prim,"kr 177,71 per kg"
Oster,200 g,Philadelphia Gressløk,"kr 31,10",Smøreost og prim,"kr 155,50 per kg"
Oster,"Krydder, 125 g",Kremost,,Smøreost og prim,"kr 108,16 per kg"
Oster,"Urter, 125 g",Kremost,,Smøreost og prim,"kr 107,52 per kg"
Oster,"Naturell, 125 g",Kremost,,Smøreost og prim,"kr 113,28 per kg"
Oster,150 g,Synnøve Fløtemysost Skivet,"kr 21,80",Brunost,"kr 145,33 per kg"
Oster,130 g,Ekte Geitost Skivet,,Brunost,"kr 209,23 per kg"
Oster,500 g,Geitost Ekte FG33,"kr 77,40",Brunost,"kr 154,80 per kg"
Oster,480 g,Synnøve Gudbrandsdalsost,"kr 46,80",Brunost,"kr 97,50 per kg"
Oster,"Beger, 200 g",Karveost,"kr 32,80",Smøreost og prim,"kr 164,00 per kg"
Oster,125 g,Snøfrisk Rødløk & Timian,,Smøreost og prim,"kr 190,72 per kg"
Oster,125 g,Snøfrisk Ramsløk & Hvitløk,"kr 32,40",Smøreost og prim,"kr 259,20 per kg"
Oster,125 g,Snøfrisk Naturell,,Smøreost og prim,"kr 135,68 per kg"
Oster,"Helt naturlig, 300 g",Sprett Pluss Prim,"kr 29,70",Smøreost og prim,"kr 99,00 per kg"
Oster,"4% fett, 300 g",Prim Lett,"kr 28,60",Smøreost og prim,"kr 95,33 per kg"
Oster,"8% fett, 300 g",Prim Original,"kr 25,20",Smøreost og prim,"kr 84,00 per kg"
Oster,190 g,Herkules Prim,"kr 19,80",Smøreost og prim,"kr 104,21 per kg"
Oster,"Tube, 175 g",Baconost,"kr 32,40",Smøreost og prim,"kr 185,14 per kg"
Oster,"Kirsebær, 150 g",Crème Chérie,,Smøreost og prim,"kr 148,80 per kg"
Oster,"Tube, 175 g",Jalapeño Ost,"kr 33,40",Smøreost og prim,"kr 190,86 per kg"
Oster,100 g,Kremoster Minimiks,,Smøreost og prim,"kr 228,20 per kg"
Oster,175 g,Magerost Jalapeno,"kr 32,80",Smøreost og prim,"kr 187,43 per kg"
Oster,"Tube, 175 g",Magerost Kylling,"kr 33,40",Smøreost og prim,"kr 190,86 per kg"
Oster,"Tube, 175 g",Mager Skinkeost,"kr 32,80",Smøreost og prim,"kr 187,43 per kg"
Oster,"Tube, 175 g",Rekeost,"kr 33,40",Smøreost og prim,"kr 190,86 per kg"
Oster,"Tube, 175 g",Skinkeost,"kr 31,40",Smøreost og prim,"kr 179,43 per kg"
Oster,"Tube, 175 g",Smaksrik Chili Paprika,"kr 38,80",Smøreost og prim,"kr 221,71 per kg"
Oster,165 g,Norvegia Smøreost Med Bacon,"kr 29,80",Smøreost og prim,"kr 180,61 per kg"
Oster,165 g,Norvegia Smøreost Med Skinke,"kr 29,80",Smøreost og prim,"kr 180,61 per kg"
Oster,320 g,Bufar,"kr 144,60",Spesialoster,"kr 451,88 per kg"
Oster,250 g,Brie de Paris,,Spesialoster,"kr 165,76 per kg"
Oster,250 g,Camembert Le Rustique,,Spesialoster,"kr 181,76 per kg"
Oster,250 g,Le Crémier de Chaumes,,Spesialoster,"kr 338,52 per kg"
Oster,"Rødkittost, 200 g",Chablis,,Spesialoster,"kr 327,25 per kg"
Oster,200 g,Petit Delice Des Cremieres,,Spesialoster,"kr 433,30 per kg"
Oster,250 g,Camembert,"kr 50,30",Spesialoster,"kr 201,20 per kg"
Oster,250 g,Epoisses de Bourgogne AOP,,Spesialoster,"kr 463,12 per kg"
Oster,200 g,Taleggio DOP,,Spesialoster,"kr 287,70 per kg"
Oster,125 g,Saint Agur,"kr 88,30",Spesialoster,"kr 706,40 per kg"
Oster,150 g,Selbu Blå,,Spesialoster,"kr 185,07 per kg"
Oster,150 g,Norzola,,Spesialoster,"kr 219,20 per kg"
Oster,150 g,Tine Dovretinde,,Spesialoster,"kr 253,33 per kg"
Oster,200 g,Castello Guldbrie,,Spesialoster,"kr 160,30 per kg"
Oster,150 g,Gamalost Frå Vik,,Spesialoster,"kr 286,93 per kg"
Oster,125 g,Mozzarella di Bufala Fersk,"kr 49,80",Spesialoster,"kr 398,40 per kg"
Oster,"Italia, 125 g",Ambrosi Mozzarella,"kr 20,70",Spesialoster,"kr 165,60 per kg"
Oster,"Alpinetta, 125 g",Fersk Mozzarella,"kr 21,10",Spesialoster,"kr 168,80 per kg"
Oster,125 g,Økologisk Mozzarella,"kr 31,10",Spesialoster,"kr 248,80 per kg"
Oster,190 g,Chevre Haukeli Naturell,,Spesialoster,"kr 251,79 per kg"
Oster,120 g,Chevre Ramsløk Haukeli,,Spesialoster,"kr 396,67 per kg"
Oster,120 g,Chèvre,,Spesialoster,"kr 308,00 per kg"
Oster,200 g,Grana Padano Trekant 10 mnd DOP,,Spesialoster,"kr 312,90 per kg"
Oster,200 g,Michelangelo Parmesan,"kr 76,10",Spesialoster,"kr 380,50 per kg"
Oster,200 g,Grana Padano,"kr 54,90",Spesialoster,"kr 274,50 per kg"
Oster,150 g,Parmiggiano,"kr 54,90",Spesialoster,"kr 366,00 per kg"
Oster,150 g,Parmigiano Reggiano,"kr 60,60",Spesialoster,"kr 404,00 per kg"
Oster,"Michelangelo, 125 g",Parmigiano Reggiano Stick,"kr 43,90",Spesialoster,"kr 351,20 per kg"
Oster,"15 mnd DOP, 125 g",Parmigiano Reggiano Parmesan Stick,,Spesialoster,"kr 418,88 per kg"
Oster,200 g,Grana Padano,"kr 60,60",Spesialoster,"kr 303,00 per kg"
Hus og hjem,"670 deler, 1 stk",Skrue og pluggsett,"kr 149,90",Diverse husholdning,"kr 149,90 per stk"
Hus og hjem,"Dobbel, 1 stk",Vaffeljern,"kr 499,90",Kjøkkenredskap,"kr 499,90 per stk"
Oster,200 g,Manchego 3 mnd DOP,,Spesialoster,"kr 290,85 per kg"
Oster,"Lagret 6 mnd, 150 g",Manchego DOP,"kr 57,60",Spesialoster,"kr 384,00 per kg"
Oster,150 g,Castello Hvit,,Spesialoster,"kr 185,73 per kg"
Oster,150 g,Castello White med Chili,,Spesialoster,"kr 204,40 per kg"
Oster,150 g,Castello Blå,,Spesialoster,"kr 161,47 per kg"
Oster,120 g,Babybel Mini,"kr 39,80",Spesialoster,"kr 331,67 per kg"
Oster,150 g,Greco Ekte Fetaost,"kr 46,30",Spesialoster,"kr 308,67 per kg"
Oster,200 g,Gresk Feta PDO,"kr 51,80",Spesialoster,"kr 259,00 per kg"
Oster,"Økologisk, 200 g",Gresk Feta PDO,"kr 69,60",Spesialoster,"kr 348,00 per kg"
Oster,"Olympus, 150 g",Ekte Feta,"kr 33,00",Spesialoster,"kr 220,00 per kg"
Oster,200 g,Apetina Classic,"kr 31,80",Spesialoster,"kr 159,00 per kg"
Hus og hjem,"Cocraft, 1 stk",Skrutrekkersett 7 deler,"kr 209,90",Diverse husholdning,"kr 209,90 per stk"
Hus og hjem,1 stk,"Stakefjær 7,5m","kr 69,90",Diverse husholdning,"kr 69,90 per stk"
Hus og hjem,1 stk,Strykejern Coline,"kr 349,90",Diverse husholdning,"kr 349,90 per stk"
Hus og hjem,1 stk,Strykejern Philips Gc2994,"kr 599,00",Diverse husholdning,"kr 599,00 per stk"
Hus og hjem,1 stk,Tekstilrulle,"kr 34,90",Diverse husholdning,"kr 34,90 per stk"
Hus og hjem,1 stk,"Termometer ute/inne 1,5m kabel","kr 79,90",Diverse husholdning,"kr 79,90 per stk"
Hus og hjem,1 stk,Trådløs termometer ute/inne,"kr 169,90",Diverse husholdning,"kr 169,90 per stk"
Hus og hjem,1 stk,Verktøykasse M/ Verktøy,"kr 249,90",Diverse husholdning,"kr 249,90 per stk"
Hus og hjem,1 stk,Blender Bosch silentmix pro,"kr 1390,00",Kjøkkenredskap,"kr 1390,00 per stk"
Hus og hjem,"Svart, 1 stk",Brødrister 2 skiver,"kr 169,90",Kjøkkenredskap,"kr 169,90 per stk"
Hus og hjem,1 stk,Håndmikser Bosch,"kr 499,90",Kjøkkenredskap,"kr 499,90 per stk"
Hus og hjem,"1.7l, Svart, 1 stk",Vannkoker,"kr 129,90",Kjøkkenredskap,"kr 129,90 per stk"
Hus og hjem,"2.5l, 1 stk",Kasserolle Diamant,"kr 349,90",Kjøkkenredskap,"kr 349,90 per stk"
Hus og hjem,"1.3l, 1 stk",Kasserolle Diamant,"kr 199,90",Kjøkkenredskap,"kr 199,90 per stk"
Hus og hjem,1 stk,Ovnsform Med Lokk,"kr 169,90",Kjøkkenredskap,"kr 169,90 per stk"
Hus og hjem,1 stk,Muffinsform 12 Cups Coline,"kr 129,90",Kjøkkenredskap,"kr 129,90 per stk"
Hus og hjem,"0,8l, 1 stk",Matboks Glass,"kr 49,90",Kjøkkenredskap,"kr 49,90 per stk"
Oster,200 g,Apetina Laktosefri,"kr 37,60",Spesialoster,"kr 188,00 per kg"
Oster,200 g,Fetaost,"kr 39,10",Spesialoster,"kr 195,50 per kg"
Oster,100 g,Apetinaterninger Med Soltørket Tomater,"kr 21,80",Spesialoster,"kr 218,00 per kg"
Oster,"Herbs & Spices, 265 g",Apetina Marinert,"kr 37,90",Spesialoster,"kr 143,02 per kg"
Oster,200 g,Toastost Skivet,"kr 35,00",Spesialoster,"kr 175,00 per kg"
Oster,"Skivet, 150 g",Cheddar Engelsk,"kr 49,80",Spesialoster,"kr 332,00 per kg"
Oster,330 g,Ekte Hvit Geitost,,Spesialoster,"kr 157,09 per kg"
Oster,300 g,Balsfjord,,Spesialoster,"kr 209,07 per kg"
Oster,"Classic fra Alambra, 250 g",Halloumi,"kr 69,80",Spesialoster,"kr 279,20 per kg"
Oster,220 g,Prima Donna Fino,"kr 82,20",Spesialoster,"kr 373,64 per kg"
Hus og hjem,1 stk,Klammer til Stiftemaskin 26/6,"kr 39,90",Diverse husholdning,"kr 39,90 per stk"
Hus og hjem,"Transparent, 10 stk",Avfallssekk 125L,"kr 49,90",Diverse husholdning,"kr 4,99 per stk"
Hus og hjem,"Hvit (70x38cm), 1 stk",Badekarmatte,"kr 159,90",Diverse husholdning,"kr 159,90 per stk"
Hus og hjem,1 stk,Baderomskrakk,"kr 99,90",Diverse husholdning,"kr 99,90 per stk"
Hus og hjem,1 stk,Bagasjebrikke,"kr 29,90",Diverse husholdning,"kr 29,90 per stk"
Hus og hjem,"Grå, 1 stk",Bagasjereim med TSA-lås,"kr 129,90",Diverse husholdning,"kr 129,90 per stk"
Hus og hjem,1 stk,Bagasjevekt,"kr 119,90",Diverse husholdning,"kr 119,90 per stk"
Brød og frokostblandinger,110 g,Papadums,"kr 31,80",Knekkebrød,"kr 3,18 per stk"
Hus og hjem,1 stk,Kjøleskapsoppbevaring for flaske,"kr 39,90",Kjøkkenredskap,"kr 39,90 per stk"
Hus og hjem,1 stk,Struspresse Coline,"kr 179,90",Kjøkkenredskap,"kr 179,90 per stk"
Hus og hjem,"4 liter, 1 stk",Vispebolle rustfritt stål,"kr 99,90",Kjøkkenredskap,"kr 99,90 per stk"
Hus og hjem,1 stk,Bokseåpner,"kr 69,90",Kjøkkenredskap,"kr 69,90 per stk"
Hus og hjem,"Mekanisk til kjøkken, 1 stk",Timer,"kr 99,90",Kjøkkenredskap,"kr 99,90 per stk"
Hus og hjem,"til kjøleskapoppbevaring M, 1 stk",Bambus lokk,"kr 59,90",Kjøkkenredskap,"kr 59,90 per stk"
Hus og hjem,"til kjøleskapoppbevaring XS, 1 stk",Bambus lokk,"kr 29,90",Kjøkkenredskap,"kr 29,90 per stk"
Hus og hjem,"til kjøleskapoppbevaring S, 1 stk",Klart lokk,"kr 29,90",Kjøkkenredskap,"kr 29,90 per stk"
Hus og hjem,"Konsentrat, 440 ml",Sodastream Mirinda Appelsin,"kr 99,90",Kjøkkenredskap,"kr 227,05 per l"
Oster,350 g,Helin Nøkkelost,"kr 155,00",Spesialoster,"kr 442,86 per kg"
Oster,200 g,Cheddar,"kr 49,90",Spesialoster,"kr 249,50 per kg"
Oster,200 g,Cheddar Little Black Bomber,,Spesialoster,"kr 396,90 per kg"
Oster,80 g,Parmigiano Reggiano Revet,"kr 35,50",Spesialoster,"kr 443,75 per kg"
Oster,150 g,Saint Agur Creme,,Spesialoster,"kr 339,27 per kg"
Oster,150 g,Gorgonzola Dolce,"kr 53,60",Spesialoster,"kr 357,33 per kg"
Oster,250 g,Mascarpone,"kr 59,80",Spesialoster,"kr 239,20 per kg"
Hus og hjem,1 stk,Bildekrok gips Hercules,"kr 79,90",Diverse husholdning,"kr 79,90 per stk"
Hus og hjem,"32cl (klart glass), 6 stk",Drikkeglass,"kr 99,90",Diverse husholdning,"kr 16,65 per stk"
Hus og hjem,"hjørne sugekopp krom, 1 stk",Dusjkurv,"kr 239,90",Diverse husholdning,"kr 239,90 per stk"
Hus og hjem,1 stk,Dusjkurv med krok krom,"kr 139,90",Diverse husholdning,"kr 139,90 per stk"
Hus og hjem,"25cm, 1 stk",Dusjnal,"kr 39,90",Diverse husholdning,"kr 39,90 per stk"
Hus og hjem,1 stk,Feiesett,"kr 59,90",Diverse husholdning,"kr 59,90 per stk"
Hus og hjem,16 stk,Filtknotter 20mm hvit selvklebende,"kr 29,90",Diverse husholdning,"kr 1,87 per stk"
Hus og hjem,"Konsentrat, 440 ml",Sodastream 7Up Sitron,"kr 99,90",Kjøkkenredskap,"kr 227,05 per l"
Hus og hjem,1 stk,Håndmikser Hvit,"kr 199,90",Kjøkkenredskap,"kr 199,90 per stk"
Hus og hjem,4 stk,Glasskrukker,"kr 79,90",Kjøkkenredskap,"kr 19,98 per stk"
Hus og hjem,"Konsentrat, 440 ml",Sodastream Pepsi Max,"kr 99,90",Kjøkkenredskap,"kr 227,05 per l"
Hus og hjem,1 stk,"Kjøkkenvekt 5kg, Sølv","kr 169,90",Kjøkkenredskap,"kr 169,90 per stk"
Hus og hjem,1 stk,"Matboks 1,2l Transparent","kr 19,90",Kjøkkenredskap,"kr 19,90 per stk"
Hus og hjem,1 stk,Gryte 1.5l rustfri coline,"kr 199,90",Kjøkkenredskap,"kr 199,90 per stk"
Oster,"Kirsebær, 150 g",Crème Chérie,,Spesialoster,"kr 148,80 per kg"
Oster,150 g,Fryd Crème Pepper,,Spesialoster,"kr 273,07 per kg"
Oster,150 g,Fryd Crème Aprikos,,Spesialoster,"kr 257,60 per kg"
Oster,125 g,Le Roulé Tranebær,,Spesialoster,"kr 494,48 per kg"
Oster,100 g,Kremoster Minimiks,,Spesialoster,"kr 228,20 per kg"
Oster,180 g,Pultost Løiten,,Spesialoster,"kr 237,33 per kg"
Oster,"Taste Lab, 250 g",Mozzarella Sticks,"kr 33,10",Spesialoster,"kr 132,40 per kg"
Oster,"8 pakker, 140 g",Den Leende Ku,"kr 23,80",Spesialoster,"kr 170,00 per kg"
Hus og hjem,12 stk,Filtknotter 28mm hvit selvklebende,"kr 29,90",Diverse husholdning,"kr 2,49 per stk"
Hus og hjem,"26mm hvit, 8 stk",Filtknott  med spikerfeste,"kr 35,90",Diverse husholdning,"kr 4,49 per stk"
Hus og hjem,1 stk,Fleecepledd hvit,"kr 149,90",Diverse husholdning,"kr 149,90 per stk"
Hus og hjem,4 stk,Glasskrukker,"kr 79,90",Diverse husholdning,"kr 19,98 per stk"
Hus og hjem,"25cl (klart glass), 6 stk",Glass med stett,"kr 99,90",Diverse husholdning,"kr 16,65 per stk"
Hus og hjem,"30mm, 1 stk",Hengelås,"kr 49,90",Diverse husholdning,"kr 49,90 per stk"
Hus og hjem,8 stk,Invitasjonskort,"kr 24,90",Diverse husholdning,"kr 3,11 per stk"
Hus og hjem,1 stk,Stekepanne 24cm Tefal Jamie Oliver,"kr 399,90",Kjøkkenredskap,"kr 399,90 per stk"
Hus og hjem,1 stk,Steketermometer Coline,"kr 199,90",Kjøkkenredskap,"kr 199,90 per stk"
Hus og hjem,"Capere, 1 stk",Skrellekniv 9cm,"kr 99,90",Kjøkkenredskap,"kr 99,90 per stk"
Hus og hjem,"19 cm, 1 stk",Rustfri sil,"kr 99,90",Kjøkkenredskap,"kr 99,90 per stk"
Hus og hjem,1 stk,"Potetskreller ""Jonas""","kr 39,90",Kjøkkenredskap,"kr 39,90 per stk"
Hus og hjem,"Sort tre, 1 stk",Knivblokk med 5 Kniver,"kr 1198,00",Kjøkkenredskap,"kr 1198,00 per stk"
Hus og hjem,"Milliliter, 4 stk",Målesett,"kr 99,90",Kjøkkenredskap,"kr 24,98 per stk"
Hus og hjem,"til kjøleskapoppbevaring S, 1 stk",Bambus lokk,"kr 39,90",Kjøkkenredskap,"kr 39,90 per stk"
Oster,125 g,Blåmuggost,"kr 37,70",Spesialoster,"kr 301,60 per kg"
Oster,"En Verden av Oster, 180 g",Brie,"kr 35,10",Spesialoster,"kr 195,00 per kg"
Hus og hjem,"Str 41-44, 1 par",Isbrodd,"kr 129,90",Diverse husholdning,"kr 129,90 per par"
Hus og hjem,"Str 38-41, 1 stk",Isbrodd,"kr 139,90",Diverse husholdning,"kr 139,90 per stk"
Hus og hjem,"sølv, 1 stk",Kodelås,"kr 69,90",Diverse husholdning,"kr 69,90 per stk"
Hus og hjem,1 stk,Kodelås TSA sort,"kr 79,90",Diverse husholdning,"kr 79,90 per stk"
Hus og hjem,1 stk,Lappesaker sykkel,"kr 49,90",Diverse husholdning,"kr 49,90 per stk"
Hus og hjem,1 stk,Lykt i metall sort 30 cm,"kr 69,90",Diverse husholdning,"kr 69,90 per stk"
Hus og hjem,1 stk,Nakkepute Memory flex,"kr 199,90",Diverse husholdning,"kr 199,90 per stk"
Hus og hjem,1 stk,Potetskreller,"kr 39,90",Kjøkkenredskap,"kr 39,90 per stk"
Hus og hjem,2 stk,Korkunderlag,"kr 49,90",Kjøkkenredskap,"kr 24,95 per stk"
Hus og hjem,1 stk,Litermål,"kr 59,90",Kjøkkenredskap,"kr 59,90 per stk"
Hus og hjem,1 stk,Trakt metall,"kr 59,90",Kjøkkenredskap,"kr 59,90 per stk"
Hus og hjem,"0.33l, 1 stk",Matboks Glass,"kr 44,90",Kjøkkenredskap,"kr 44,90 per stk"
Hus og hjem,1 stk,Kjøleskapsoppbevaring XS,"kr 24,90",Kjøkkenredskap,"kr 24,90 per stk"
Hus og hjem,"24 cm, 1 stk",Springform Coline,"kr 119,90",Kjøkkenredskap,"kr 119,90 per stk"
Hus og hjem,"5L hvit, 1 stk",Pedalbøtte softclose,"kr 279,90",Diverse husholdning,"kr 279,90 per stk"
Hus og hjem,"5L svart, 1 stk",Pedalbøtte softclose,"kr 279,90",Diverse husholdning,"kr 279,90 per stk"
Hus og hjem,1 stk,Peissett 3 deler sort,"kr 179,90",Diverse husholdning,"kr 179,90 per stk"
Hus og hjem,1 stk,Philips Wake-up light,"kr 699,00",Diverse husholdning,"kr 699,00 per stk"
Hus og hjem,"8 beholdere, 8 stk",Reiseflasker metall,"kr 99,90",Diverse husholdning,"kr 12,49 per stk"
Hus og hjem,1 stk,Reiseposer 6 stk,"kr 99,90",Diverse husholdning,"kr 99,90 per stk"
Hus og hjem,250 ml,Silikonspray,"kr 99,90",Diverse husholdning,"kr 399,60 per l"
Hus og hjem,1 stk,Skjøteledning utendørs 10 meter,"kr 209,90",Diverse husholdning,"kr 209,90 per stk"
Hus og hjem,"43 cm Tre, 1 stk",Skohorn,"kr 59,90",Diverse husholdning,"kr 59,90 per stk"
Hus og hjem,1 stk,Sko-oppbevaring 2 i 1,"kr 29,90",Diverse husholdning,"kr 29,90 per stk"
Hus og hjem,"antiskli, 1 stk",Skuffeinnlegg,"kr 69,90",Diverse husholdning,"kr 69,90 per stk"
Hus og hjem,1 stk,Smart bildeoppheng,"kr 79,90",Diverse husholdning,"kr 79,90 per stk"
Hus og hjem,1 stk,Sovemaske,"kr 69,90",Diverse husholdning,"kr 69,90 per stk"
Hus og hjem,1 stk,Speil med forstørrelse og lys,"kr 179,90",Diverse husholdning,"kr 179,90 per stk"
Hus og hjem,"Gullfarget med børste, 4 stk",Sugerør metall,"kr 99,90",Diverse husholdning,"kr 24,98 per stk"
Hus og hjem,1 stk,Sykkellås bøyle,"kr 199,90",Diverse husholdning,"kr 199,90 per stk"
Hus og hjem,"Med feste og overganger, 1 stk",Sykkelpumpe,"kr 59,90",Diverse husholdning,"kr 59,90 per stk"
Hus og hjem,1 stk,Toalettrullholder,"kr 149,90",Diverse husholdning,"kr 149,90 per stk"
Hus og hjem,1 stk,Trådløs brannvarsler 2-pack,"kr 499,90",Diverse husholdning,"kr 499,90 per stk"
Hus og hjem,1 stk,Twinner universal støvsugermunnstykke,"kr 219,90",Diverse husholdning,"kr 219,90 per stk"
Hus og hjem,1 stk,Værstasjon med fargeskjerm,"kr 499,90",Diverse husholdning,"kr 499,90 per stk"
Hus og hjem,1 stk,Vakumposer 2-pack,"kr 169,90",Diverse husholdning,"kr 169,90 per stk"
Hus og hjem,2 stk,Vakumpose roll up,"kr 69,90",Diverse husholdning,"kr 34,95 per stk"
Hus og hjem,1 stk,Varmeovn oljefylt 500w,"kr 369,90",Diverse husholdning,"kr 369,90 per stk"
Hus og hjem,1 stk,Vifteovn 2000w,"kr 249,90",Diverse husholdning,"kr 249,90 per stk"
Hus og hjem,1 stk,Vifteovn Mill 1800w,"kr 599,00",Diverse husholdning,"kr 599,00 per stk"
Hus og hjem,1 stk,Wifi smartplug,"kr 299,90",Diverse husholdning,"kr 299,90 per stk"
Hus og hjem,1 stk,Google Home Mini Hvit,"kr 549,00",Diverse husholdning,"kr 549,00 per stk"
Snacks og godteri,220 g,Godt & Blandet Original,"kr 37,80",Godteri,"kr 171,82 per kg"
Snacks og godteri,170 g,Godt & Blandet Supersurt,"kr 37,80",Godteri,"kr 222,35 per kg"
Snacks og godteri,"30 % Mindre Sukker, 140 g",Godt & Blandet Original,"kr 43,80",Godteri,"kr 312,86 per kg"
Snacks og godteri,170 g,Godt & Blandet Fizzypop,"kr 39,90",Godteri,"kr 234,71 per kg"
Snacks og godteri,230 g,Supermix Sur,"kr 56,40",Godteri,"kr 245,22 per kg"
Snacks og godteri,"Original, 240 g",Supermix,"kr 56,40",Godteri,"kr 235,00 per kg"
Snacks og godteri,300 g,Stjernemix,"kr 54,80",Godteri,"kr 182,67 per kg"
Snacks og godteri,260 g,Laban Seigmenn og Seigdamer,"kr 44,90",Godteri,"kr 172,69 per kg"
Snacks og godteri,170 g,Laban Ut På Tur Alltid Sur,"kr 35,60",Godteri,"kr 209,41 per kg"
Snacks og godteri,200 g,Seigmenn,"kr 21,00",Godteri,"kr 105,00 per kg"
Snacks og godteri,150 g,Smørbukk,"kr 51,90",Godteri,"kr 346,00 per kg"
Snacks og godteri,250 g,Skipper Lakrisbåter,"kr 62,40",Godteri,"kr 249,60 per kg"
Snacks og godteri,282 g,Kvikk Lunsj 6-pk,"kr 67,40",Sjokolade,"kr 239,01 per kg"
Middager og tilbehør,385 g,Mac'n'Cheese,"kr 52,70",Ferdige middagsretter,"kr 136,88 per kg"
Snacks og godteri,280 g,Supermix Jul,"kr 54,90",Godteri,"kr 196,07 per kg"
Snacks og godteri,1 stk,Mega Double Lolly Swizzel,"kr 16,40",Godteri,"kr 16,40 per stk"
Snacks og godteri,"Assortert Variant, 11 g",Badeball Kjærlighet på Pinne,"kr 4,30",Godteri,"kr 4,30 per stk"
Snacks og godteri,1 stk,Tyrkisk Peber Lollipop Original,"kr 6,60",Godteri,"kr 733,33 per kg"
Snacks og godteri,"Original, 120 g",Tyrkisk Pepper,"kr 34,80",Godteri,"kr 290,00 per kg"
Snacks og godteri,200 g,Panda Lakris,"kr 35,90",Godteri,"kr 179,50 per kg"
Snacks og godteri,"Assortert, 3 stk",Smurf Fruktpastiller,"kr 27,90",Godteri,"kr 9,30 per stk"
Snacks og godteri,200 g,Melkesjokolade,"kr 39,90",Sjokolade,"kr 199,50 per kg"
Snacks og godteri,200 g,Melkesjokolade med Havsalt,"kr 45,90",Sjokolade,"kr 229,50 per kg"
Snacks og godteri,200 g,Kvikk Lunsj Melkesjokolade,"kr 42,60",Sjokolade,"kr 213,00 per kg"
Snacks og godteri,150 g,Stratos Storplate,"kr 44,70",Sjokolade,"kr 298,00 per kg"
Snacks og godteri,"335,1 g",Smarties Adventkalender,"kr 199,00",Sjokolade,"kr 593,85 per kg"
Snacks og godteri,185 g,Stratos Salty Caramel Storplate,"kr 42,80",Sjokolade,"kr 231,35 per kg"
Snacks og godteri,180 g,Non Stop,"kr 42,60",Sjokolade,"kr 236,67 per kg"
Snacks og godteri,180 g,Non Stop Melkesjokolade,"kr 49,00",Sjokolade,"kr 272,22 per kg"
Snacks og godteri,200 g,Smash,"kr 39,90",Sjokolade,"kr 199,50 per kg"
Snacks og godteri,250 g,Bamsemums,"kr 49,70",Sjokolade,"kr 198,80 per kg"
Middager og tilbehør,500 g,Vegetable Lasagne,"kr 35,90",Ferdige middagsretter,"kr 71,80 per kg"
Middager og tilbehør,500 g,Beef Lasagne,"kr 42,90",Ferdige middagsretter,"kr 85,80 per kg"
Middager og tilbehør,500 g,Kyllingcurry med Ris,"kr 39,90",Ferdige middagsretter,"kr 79,80 per kg"
Middager og tilbehør,500 g,Sweet & Sour Kylling med Ris,"kr 39,90",Ferdige middagsretter,"kr 79,80 per kg"
Middager og tilbehør,750 g,Kylling & Bacon Pasta,"kr 59,90",Ferdige middagsretter,"kr 79,87 per kg"
Middager og tilbehør,750 g,Kylling Tikka Biryani,"kr 59,90",Ferdige middagsretter,"kr 79,87 per kg"
Middager og tilbehør,1 kg,Pasta Carbonara,"kr 69,00",Ferdige middagsretter,"kr 69,00 per kg"
Middager og tilbehør,1 kg,Fiskegrateng,"kr 79,00",Ferdige middagsretter,"kr 79,00 per kg"
Varme drikker,"Filtermalt, 500 g",Frokostkaffe,"kr 65,30",Kaffe,"kr 130,60 per kg"
Snacks og godteri,25 g,Gomp Fruktpastiller,"kr 13,00",Godteri,"kr 520,00 per kg"
Snacks og godteri,70 g,Gompemix,"kr 25,40",Godteri,"kr 362,86 per kg"
Snacks og godteri,80 g,Knott,"kr 29,40",Godteri,"kr 367,50 per kg"
Snacks og godteri,"S-märke, 70 g",Surt Skum,"kr 21,40",Godteri,"kr 305,71 per kg"
Snacks og godteri,"Original, 160 g",Ahlgrens Biler,"kr 32,80",Godteri,"kr 205,00 per kg"
Snacks og godteri,60 g,Dundersalt,"kr 24,40",Godteri,"kr 406,67 per kg"
Snacks og godteri,80 g,Zoo Gele,"kr 27,90",Godteri,"kr 348,75 per kg"
Snacks og godteri,100 g,Salt Sild Original,"kr 34,40",Godteri,"kr 344,00 per kg"
Snacks og godteri,"4 stk, 112 g",Snøballer,"kr 38,90",Sjokolade,"kr 347,32 per kg"
Snacks og godteri,30 g,Snømann,"kr 13,90",Sjokolade,"kr 463,33 per kg"
Snacks og godteri,65 g,Marsipangris med Sjokolade,"kr 26,90",Sjokolade,"kr 413,85 per kg"
Snacks og godteri,193 g,Julemarsipan,"kr 62,90",Sjokolade,"kr 325,91 per kg"
Snacks og godteri,"5 stk, 110 g",Marsipanpølser,"kr 42,90",Sjokolade,"kr 390,00 per kg"
Snacks og godteri,164 g,Julemix Pose,"kr 64,90",Sjokolade,"kr 395,73 per kg"
Snacks og godteri,150 g,Freia Julekuler,"kr 59,90",Sjokolade,"kr 399,33 per kg"
Snacks og godteri,100 g,Julenisse,"kr 34,90",Sjokolade,"kr 349,00 per kg"
Snacks og godteri,190 g,Melkesjokolade med Pepperkaker,"kr 44,90",Sjokolade,"kr 236,32 per kg"
Snacks og godteri,180 g,Non Stop Jul,"kr 44,90",Sjokolade,"kr 249,44 per kg"
Middager og tilbehør,1 kg,Lys Pølselapskaus,"kr 59,00",Ferdige middagsretter,"kr 59,00 per kg"
Middager og tilbehør,1 kg,Fersk Bacalao,"kr 96,60",Ferdige middagsretter,"kr 96,60 per kg"
Middager og tilbehør,1 l,Grønnsaksuppe,"kr 39,00",Ferdige middagsretter,"kr 39,00 per l"
Middager og tilbehør,600 g,Pasta Bolognese,"kr 40,60",Ferdige middagsretter,"kr 67,67 per kg"
Middager og tilbehør,600 g,Kjøttboller i Tomatsaus,"kr 61,40",Ferdige middagsretter,"kr 102,33 per kg"
Middager og tilbehør,"Rett i Ovnen, 500 g",Fish and Chips,"kr 64,80",Ferdige middagsretter,"kr 129,60 per kg"
Varme drikker,"Filtermalt, 250 g",Frokostkaffe,"kr 37,80",Kaffe,"kr 151,20 per kg"
Varme drikker,"Hele bønner, 500 g",Frokostkaffe,"kr 77,80",Kaffe,"kr 155,60 per kg"
Varme drikker,"Presskanne, 250 g",Frokostkaffe,"kr 36,80",Kaffe,"kr 147,20 per kg"
Varme drikker,"Filtermalt, 250 g",Friele Frokostkaffe Mørkbrent,"kr 43,80",Kaffe,"kr 175,20 per kg"
Varme drikker,"Filtermalt, 250 g",Frokostkaffe Koffeinfri,"kr 45,10",Kaffe,"kr 180,40 per kg"
Varme drikker,"Kokmalt, 250 g",Frokostkaffe,"kr 34,10",Kaffe,"kr 136,40 per kg"
Varme drikker,500 g,Original Filtermalt Kaffe,"kr 56,00",Kaffe,"kr 112,00 per kg"
Snacks og godteri,130 g,Heksehyl,"kr 29,90",Godteri,"kr 230,00 per kg"
Snacks og godteri,200 g,Marshmallows,"kr 33,80",Godteri,"kr 169,00 per kg"
Snacks og godteri,190 g,Bassetts Liquorice Allsorts,"kr 38,80",Godteri,"kr 204,21 per kg"
Snacks og godteri,80 g,Streetracer Supersur,"kr 21,40",Godteri,"kr 267,50 per kg"
Snacks og godteri,170 g,Søppeldynga,"kr 41,20",Godteri,"kr 242,35 per kg"
Snacks og godteri,125 g,Kloakslam,"kr 35,90",Godteri,"kr 287,20 per kg"
Snacks og godteri,125 g,Råtne Fisk,"kr 31,60",Godteri,"kr 252,80 per kg"
Snacks og godteri,38 g,Mentos Fruktrull,"kr 16,10",Godteri,"kr 423,68 per kg"
Snacks og godteri,50 g,Giant Love Hearts,"kr 18,90",Godteri,"kr 378,00 per kg"
Snacks og godteri,144 g,Oreo Snøbiter,"kr 54,90",Sjokolade,"kr 381,25 per kg"
Snacks og godteri,155 g,Smørbukk Storplate,"kr 44,80",Sjokolade,"kr 289,03 per kg"
Snacks og godteri,"Blå Storplate, 188 g",Nidar Favoritter,"kr 43,40",Sjokolade,"kr 230,85 per kg"
Snacks og godteri,"Rød Storplate, 183 g",Nidar Favoritter,"kr 48,80",Sjokolade,"kr 266,67 per kg"
Snacks og godteri,180 g,Melkesjokolade,"kr 40,80",Sjokolade,"kr 226,67 per kg"
Snacks og godteri,150 g,Crispo Storplate,"kr 51,80",Sjokolade,"kr 345,33 per kg"
Snacks og godteri,200 g,Fruktnøtt,"kr 43,80",Sjokolade,"kr 219,00 per kg"
Snacks og godteri,200 g,Helnøtt,"kr 43,80",Sjokolade,"kr 219,00 per kg"
Dyremat,1 kg,Festival Woody Spon Burstrø,"kr 34,90",Gnagermat,"kr 34,90 per kg"
Middager og tilbehør,260 g,Tapasbrett,"kr 82,10",Ferdige middagsretter,"kr 315,77 per kg"
Middager og tilbehør,4 stk,Kebab Porsjon,"kr 83,10",Ferdige middagsretter,"kr 159,81 per kg"
Middager og tilbehør,900 g,Fiskegrateng,"kr 113,90",Ferdige middagsretter,"kr 126,56 per kg"
Middager og tilbehør,"Middag for 1 person, 350 g",Fiskegrateng Med Sandefjordsaus,"kr 30,00",Ferdige middagsretter,"kr 85,71 per kg"
Middager og tilbehør,"Middag for 1 person, 350 g",Grateng med laksfilet i spinatsaus,"kr 30,00",Ferdige middagsretter,"kr 85,71 per kg"
Middager og tilbehør,"10 Stk, 600 g",Pannekaker Ferdigstekte,"kr 35,40",Ferdige middagsretter,"kr 59,00 per kg"
Middager og tilbehør,800 g,Lapskaus Brun,"kr 49,80",Ferdige middagsretter,"kr 62,25 per kg"
Middager og tilbehør,800 g,Lapskaus Lys,"kr 40,90",Ferdige middagsretter,"kr 51,13 per kg"
Varme drikker,250 g,Original Filtermalt Kaffe,"kr 30,10",Kaffe,"kr 120,40 per kg"
Varme drikker,250 g,Original Kaffe Presskanne,"kr 34,50",Kaffe,"kr 138,00 per kg"
Varme drikker,"Økologisk, 250 g",Fairtrade Kaffe Filtermalt,"kr 38,20",Kaffe,"kr 152,80 per kg"
Varme drikker,"Hele Bønner, 225 g",Fairtrade Kaffe,"kr 38,20",Kaffe,"kr 169,78 per kg"
Varme drikker,"Filtermalt, 500 g",Classic Mellanrost,"kr 77,00",Kaffe,"kr 154,00 per kg"
Varme drikker,"Hele Bønner, 500 g",Nero Espresso,"kr 93,40",Kaffe,"kr 186,80 per kg"
Varme drikker,450 g,Zoégas Skånerost,"kr 77,40",Kaffe,"kr 172,00 per kg"
Varme drikker,450 g,Zoégas Mollbergs Blanding,"kr 76,40",Kaffe,"kr 169,78 per kg"
Varme drikker,250 g,Friele Fairtrade,"kr 48,10",Kaffe,"kr 192,40 per kg"
Snacks og godteri,"5 Pak, 110 g",Haribo Maoam Karamell,"kr 20,40",Godteri,"kr 185,45 per kg"
Snacks og godteri,"Assortert Figur, 3 g",Pez Figur,"kr 34,40",Godteri,"kr 11466,67 per kg"
Snacks og godteri,"Assortert Variant, 1 stk",Love Hearts Lipstick,"kr 10,50",Godteri,"kr 10,50 per stk"
Snacks og godteri,"Assortert Variant, 30 g",Juicy Drop Pop,"kr 33,60",Godteri,"kr 1120,00 per kg"
Snacks og godteri,"2 biter, 14,5 g",Malaco Fox Sitronkaramell,"kr 5,40",Godteri,"kr 372,41 per kg"
Snacks og godteri,23 g,Malaco Kick Lakrisstang,"kr 11,80",Godteri,"kr 513,04 per kg"
Snacks og godteri,23 g,Malaco Kick Sitron Lakrisstang,"kr 12,80",Godteri,"kr 556,52 per kg"
Snacks og godteri,200 g,Daim Melkesjokolade,"kr 43,80",Sjokolade,"kr 219,00 per kg"
Snacks og godteri,200 g,Melkesjokolade Med Japp,"kr 43,60",Sjokolade,"kr 218,00 per kg"
Snacks og godteri,200 g,Firkløver,"kr 39,90",Sjokolade,"kr 199,50 per kg"
Snacks og godteri,"Appelsin, Nøtter og Havsalt, 200 g",Firkløver,"kr 42,80",Sjokolade,"kr 214,00 per kg"
Snacks og godteri,"Original, 85 g",Mørkere Melkesjokolade,"kr 27,40",Sjokolade,"kr 322,35 per kg"
Snacks og godteri,"Salt Karamell, 85 g",Mørkere Melkesjokolade,"kr 27,40",Sjokolade,"kr 322,35 per kg"
Snacks og godteri,130 g,Melkesjokolade Hjerter,"kr 52,80",Sjokolade,"kr 406,15 per kg"
Snacks og godteri,276 g,Japp Smakfull Peanøtt og Karamell,"kr 58,40",Sjokolade,"kr 211,59 per kg"
Dyremat,"2 stk, 120 g",Crunchy Frøstenger til Gnagere,"kr 28,50",Gnagermat,"kr 237,50 per kg"
Middager og tilbehør,840 g,Sodd,"kr 38,60",Ferdige middagsretter,"kr 45,95 per kg"
Middager og tilbehør,420 g,Maxboller i Tomatsaus,"kr 65,40",Ferdige middagsretter,"kr 155,71 per kg"
Middager og tilbehør,870 g,Spaghetti à la Capri,"kr 28,90",Ferdige middagsretter,"kr 33,22 per kg"
Middager og tilbehør,500 g,Reinsdyrkaker,"kr 41,80",Ferdige middagsretter,"kr 83,60 per kg"
Middager og tilbehør,"Stor, 650 g",Ost & Skinke Pai,"kr 116,40",Ferdige middagsretter,"kr 179,08 per kg"
Middager og tilbehør,220 g,Bacon & Brokkolipai,"kr 42,80",Ferdige middagsretter,"kr 194,55 per kg"
Middager og tilbehør,750 g,Lasagne Bolognese,"kr 58,80",Ferdige middagsretter,"kr 78,40 per kg"
Middager og tilbehør,750 g,Lapskausblanding Grov,"kr 25,10",Ferdige middagsretter,"kr 33,47 per kg"
Varme drikker,"Filtermalt, 250 g",Café Noir DF,"kr 41,80",Kaffe,"kr 167,20 per kg"
Varme drikker,"Hele bønner, 450 g",Slow Roast Mørk,"kr 69,10",Kaffe,"kr 153,56 per kg"
Varme drikker,"Hele Bønner, 225 g",Espresso Brasil,"kr 65,00",Kaffe,"kr 288,89 per kg"
Varme drikker,"Hele bønner, 225 g",Kaffe fra Costa Rica,"kr 75,00",Kaffe,"kr 333,33 per kg"
Varme drikker,"Hele bønner, 225 g",Kaffe fra Kenya,"kr 79,00",Kaffe,"kr 351,11 per kg"
Varme drikker,"Hele Bønner, 225 g",Kaffe Etiopia,"kr 81,70",Kaffe,"kr 363,11 per kg"
Snacks og godteri,23 g,Malaco Kick Seasalt Lakrisstang,"kr 11,80",Godteri,"kr 513,04 per kg"
Snacks og godteri,38 g,Meller Rull,"kr 12,60",Godteri,"kr 331,58 per kg"
Snacks og godteri,"Original, 1 stk",Giant Snap & Crackle,"kr 10,80",Godteri,"kr 10,80 per stk"
Snacks og godteri,42 g,Vepsebol Jordbær,"kr 10,80",Godteri,"kr 257,14 per kg"
Snacks og godteri,32 g,Pepe Lakris,"kr 14,40",Godteri,"kr 450,00 per kg"
Snacks og godteri,"Toms, 27 g",Jordbærstang,"kr 12,80",Godteri,"kr 474,07 per kg"
Snacks og godteri,140 g,Lakris Salt,"kr 41,50",Godteri,"kr 296,43 per kg"
Snacks og godteri,140 g,Lakris Søt,"kr 41,50",Godteri,"kr 296,43 per kg"
Snacks og godteri,320 g,Oreo Smakfull,"kr 59,60",Sjokolade,"kr 186,25 per kg"
Snacks og godteri,180 g,Sjokoklem,"kr 46,60",Sjokolade,"kr 258,89 per kg"
Snacks og godteri,144 g,Sjokopinner,"kr 33,40",Sjokolade,"kr 231,94 per kg"
Snacks og godteri,180 g,M Partysize,"kr 42,80",Sjokolade,"kr 237,78 per kg"
Snacks og godteri,140 g,Toffin Classic,"kr 48,80",Sjokolade,"kr 348,57 per kg"
Snacks og godteri,240 g,Klassiske Venner,"kr 71,80",Sjokolade,"kr 299,17 per kg"
Snacks og godteri,140 g,Toppris Småbiter,"kr 36,40",Sjokolade,"kr 260,00 per kg"
Middager og tilbehør,1 kg,Pytt I Panne,"kr 51,00",Ferdige middagsretter,"kr 51,00 per kg"
Middager og tilbehør,"1,9 kg",Terina Innherredsodd,"kr 170,80",Ferdige middagsretter,"kr 89,89 per kg"
Middager og tilbehør,"Smårett i Kopp, 71 g",Pasta Carbonara,"kr 26,40",Ferdige middagsretter,"kr 371,83 per kg"
Middager og tilbehør,"Smårett i Kopp, 68 g",Pasta Bolognese,"kr 26,40",Ferdige middagsretter,"kr 388,24 per kg"
Middager og tilbehør,"Smårett i Kopp, 58 g",Potato Bacon & Løk,"kr 25,40",Ferdige middagsretter,"kr 437,93 per kg"
Middager og tilbehør,69 g,Thai Red Curry Nudler,"kr 25,90",Ferdige middagsretter,"kr 375,36 per kg"
Middager og tilbehør,1 l,Spicy Søtpotetsuppe,"kr 51,00",Ferdige middagsretter,"kr 51,00 per l"
Middager og tilbehør,1 kg,Pølsegryte,"kr 69,00",Ferdige middagsretter,"kr 69,00 per kg"
Middager og tilbehør,500 g,Tikka Masala Kylling,"kr 40,60",Ferdige middagsretter,"kr 81,20 per kg"
Middager og tilbehør,1 kg,Familiens Fiskegrateng,"kr 57,90",Ferdige middagsretter,"kr 57,90 per kg"
Varme drikker,"Hele Bønner, 225 g",Kaffe Peru,"kr 71,70",Kaffe,"kr 318,67 per kg"
Varme drikker,"Filtermalt, 225 g",Frokostkaffe,"kr 71,70",Kaffe,"kr 318,67 per kg"
Varme drikker,500 g,"Kaffe, Filtermalt","kr 52,10",Kaffe,"kr 104,20 per kg"
Varme drikker,500 g,Kaffe Hele Bønner,"kr 57,50",Kaffe,"kr 115,00 per kg"
Varme drikker,"10 stk, 125 g",Nescafé Cappuccino,"kr 32,40",Kaffe,"kr 259,20 per kg"
Varme drikker,"8stk, 144 g",Nescafé Cafe Au Chocolat,"kr 33,80",Kaffe,"kr 234,72 per kg"
Snacks og godteri,"Chili & Pepper, 140 g",Salt Lakris,"kr 41,50",Godteri,"kr 296,43 per kg"
Snacks og godteri,200 g,Sjokoladetrøfler,"kr 51,90",Godteri,"kr 259,50 per kg"
Snacks og godteri,140 g,Sjokoladekuler Lakris & Bringebær,"kr 47,50",Godteri,"kr 339,29 per kg"
Snacks og godteri,140 g,Lakriskuler med Sjokolade,"kr 47,50",Godteri,"kr 339,29 per kg"
Snacks og godteri,140 g,Lakriskuler med Karamell og Havsalt,"kr 47,50",Godteri,"kr 339,29 per kg"
Snacks og godteri,30 g,YUP Salty Caramel Salmiak Mix,"kr 23,40",Godteri,"kr 780,00 per kg"
Snacks og godteri,210 g,Dumle Kalender,"kr 179,00",Godteri,"kr 852,38 per kg"
Snacks og godteri,30 g,YUP Sour Peach Strawberry Lime Mix,"kr 22,80",Godteri,"kr 760,00 per kg"
Snacks og godteri,150 g,Oreo Småbiter,"kr 38,40",Sjokolade,"kr 256,00 per kg"
Snacks og godteri,145 g,Daim Småbiter,"kr 38,40",Sjokolade,"kr 264,83 per kg"
Snacks og godteri,150 g,Japp småbiter,"kr 37,40",Sjokolade,"kr 249,33 per kg"
Snacks og godteri,300 g,Troika Favoritter,"kr 52,90",Sjokolade,"kr 176,33 per kg"
Snacks og godteri,300 g,Nidar Favoritter Stratos,"kr 65,80",Sjokolade,"kr 219,33 per kg"
Snacks og godteri,210 g,Pops Original,"kr 59,80",Sjokolade,"kr 284,76 per kg"
Middager og tilbehør,510 g,Fiskegrateng god gammeldags,"kr 59,70",Ferdige middagsretter,"kr 117,06 per kg"
Middager og tilbehør,540 g,Pytt I Panne Original,"kr 47,80",Ferdige middagsretter,"kr 88,52 per kg"
Middager og tilbehør,"Norskprodusert, 320 g",Stekt Tofu,"kr 64,90",Ferdige middagsretter,"kr 202,81 per kg"
Middager og tilbehør,"Med Kalkun, Egg og Purreløk, 800 g",Bami Goreng Nudler,"kr 69,90",Ferdige middagsretter,"kr 87,38 per kg"
Middager og tilbehør,515 g,Julestek,"kr 79,80",Ferdige middagsretter,"kr 154,95 per kg"
Middager og tilbehør,"Familiepakkning, 800 g",Lasagne Bolognese,"kr 79,90",Ferdige middagsretter,"kr 99,88 per kg"
Varme drikker,"8 stk, 144 g",Nescafé Latte Macchiato,"kr 32,80",Kaffe,"kr 227,78 per kg"
Varme drikker,"8 stk, 112 g",Ice Coffee,"kr 34,80",Kaffe,"kr 310,71 per kg"
Varme drikker,"10 stk, 165 g",Nescafe 3 in1,"kr 36,50",Kaffe,"kr 221,21 per kg"
Varme drikker,"Smartpack, 300 g",Nescafé Gull,"kr 109,00",Kaffe,"kr 363,33 per kg"
Varme drikker,200 g,Nescafé Gull,"kr 65,40",Kaffe,"kr 327,00 per kg"
Varme drikker,"100g Refill, 100 g",Nescafé Gull,"kr 30,00",Kaffe,"kr 300,00 per kg"
Varme drikker,100 g,Nescafé Gull,"kr 53,60",Kaffe,"kr 536,00 per kg"
Varme drikker,100 g,Nescafe Azera Espresso,"kr 67,20",Kaffe,"kr 67,20 per stk"
Varme drikker,100 g,Nescafé Brasero,"kr 33,20",Kaffe,"kr 332,00 per kg"
Snacks og godteri,286 g,Julekalender,"kr 149,90",Godteri,"kr 524,13 per kg"
Snacks og godteri,170 g,Gul Kamfer,"kr 39,80",Godteri,"kr 234,12 per kg"
Snacks og godteri,"Drops Sukkerfri, 42 g",Werthers Original,"kr 32,20",Godteri,"kr 766,67 per kg"
Snacks og godteri,"335,1 g",Smarties Adventkalender,"kr 199,00",Godteri,"kr 593,85 per kg"
Snacks og godteri,290 g,Risbrød,"kr 64,80",Sjokolade,"kr 223,45 per kg"
Snacks og godteri,330 g,Twist,"kr 80,90",Sjokolade,"kr 245,15 per kg"
Snacks og godteri,180 g,Bridge Blanding,"kr 64,80",Sjokolade,"kr 360,00 per kg"
Snacks og godteri,140 g,Fruktkjerner Bringebær,"kr 46,20",Sjokolade,"kr 330,00 per kg"
Snacks og godteri,200 g,Sjokoskruer,"kr 39,90",Sjokolade,"kr 199,50 per kg"
Snacks og godteri,140 g,Schprø Sjokopops,"kr 27,70",Sjokolade,"kr 197,86 per kg"
Snacks og godteri,200 g,Minde Sjokomiks,"kr 35,00",Sjokolade,"kr 175,00 per kg"
Snacks og godteri,"Ost, 185 g",Tortillachips,"kr 42,40",Potetchips og snacks,"kr 229,19 per kg"
Varme drikker,100 g,Nescafé Koffeinfri Gull,"kr 90,90",Kaffe,"kr 909,00 per kg"
Varme drikker,"Illy, 250 g",Espressokaffe Malt,"kr 93,90",Kaffe,"kr 375,60 per kg"
Varme drikker,200 g,Friele Instant Gull Glass,"kr 83,90",Kaffe,"kr 419,50 per kg"
Varme drikker,100 g,Friele Instant Gull Refil,"kr 44,80",Kaffe,"kr 448,00 per kg"
Varme drikker,"70 poser á 100g, 70 stk",Kaffe Finmalt,"kr 1085,10",Kaffe,"kr 15,50 per stk"
Varme drikker,200 g,Coffee-mate Fløtepulver,"kr 43,80",Kaffe,"kr 219,00 per kg"
Varme drikker,"Filtermalt, 250 g",Kaffe Prima,"kr 18,80",Kaffe,"kr 75,20 per kg"
Varme drikker,200 g,Pulverkaffe,"kr 26,80",Kaffe,"kr 134,00 per kg"
Varme drikker,500 stk,Natreen Tabletter,"kr 29,40",Kaffe,"kr 0,06 per stk"
Varme drikker,100 stk,Søtningstabletter,"kr 25,90",Kaffe,"kr 0,26 per stk"
Varme drikker,"Med Stevia, 100 stk",Søtningstabletter,"kr 41,50",Kaffe,"kr 0,42 per stk"
Snacks og godteri,"9 Biter, 100 g",Sjokoladefryd Gaveeske,"kr 229,00",Sjokolade,"kr 2290,00 per kg"
Snacks og godteri,65 g,Turglede Sjokolade Med Lakris,"kr 46,80",Sjokolade,"kr 720,00 per kg"
Snacks og godteri,65 g,Turglede Hvit Sjokolade og Pasjonsfrukt,"kr 64,90",Sjokolade,"kr 998,46 per kg"
Snacks og godteri,65 g,Turglede Hvit Sjokolade og Bringebær,"kr 64,90",Sjokolade,"kr 998,46 per kg"
Snacks og godteri,65 g,Turglede Hvit Sjokolade og Solbær,"kr 64,90",Sjokolade,"kr 998,46 per kg"
Snacks og godteri,38 g,Lakrisbar Med Chili,"kr 59,90",Sjokolade,"kr 1576,32 per kg"
Snacks og godteri,"Original, 235 g",Cheez Doodles,"kr 39,70",Potetchips og snacks,"kr 168,94 per kg"
Snacks og godteri,120 g,Cheez Doodles,"kr 20,30",Potetchips og snacks,"kr 169,17 per kg"
Snacks og godteri,250 g,Potetchips Salt & Pepper,"kr 39,40",Potetchips og snacks,"kr 157,60 per kg"
Snacks og godteri,250 g,Potetchips Salt,"kr 41,60",Potetchips og snacks,"kr 166,40 per kg"
Snacks og godteri,240 g,Potetgull Classic Salt,"kr 26,60",Potetchips og snacks,"kr 110,83 per kg"
Snacks og godteri,200 g,Spicy Cheddar,"kr 24,90",Potetchips og snacks,"kr 124,50 per kg"
Snacks og godteri,200 g,Mexican Fiesta Kims,"kr 30,80",Potetchips og snacks,"kr 154,00 per kg"
Snacks og godteri,200 g,Potetchips Sourcream & Onion,"kr 42,40",Potetchips og snacks,"kr 212,00 per kg"
Snacks og godteri,250 g,Potetchips Paprika,"kr 35,00",Potetchips og snacks,"kr 140,00 per kg"
Snacks og godteri,180 g,Snack Chips,"kr 50,80",Potetchips og snacks,"kr 282,22 per kg"
Varme drikker,1 l,Tomtegløgg,"kr 69,90",Kaffe,"kr 69,90 per l"
Varme drikker,500 ml,Tomtegløgg Original,"kr 34,90",Kaffe,"kr 69,80 per l"
Varme drikker,1 l,Tomtegløgg Krydder,"kr 69,90",Kaffe,"kr 69,90 per l"
"Melk, meieriprodukter og egg","1,75 l",TineMelk Lett,"kr 30,70",Melk,"kr 17,54 per l"
Snacks og godteri,140 g,Superchips Paprika,"kr 33,50",Potetchips og snacks,"kr 239,29 per kg"
Snacks og godteri,"Salt, 140 g",Superchips,"kr 28,90",Potetchips og snacks,"kr 206,43 per kg"
Snacks og godteri,200 g,Potetgull Sourcream & Paprika,"kr 33,90",Potetchips og snacks,"kr 169,50 per kg"
Snacks og godteri,200 g,Potetgull Sourcream & Onion,"kr 31,80",Potetchips og snacks,"kr 159,00 per kg"
Snacks og godteri,200 g,Potetgull Ost & Løk,"kr 35,40",Potetchips og snacks,"kr 177,00 per kg"
Snacks og godteri,250 g,Potetgull Paprika,"kr 26,90",Potetchips og snacks,"kr 107,60 per kg"
Snacks og godteri,"Salt & Pepper, 250 g",Potetgull Classic,"kr 29,90",Potetchips og snacks,"kr 119,60 per kg"
Snacks og godteri,250 g,Maarud Potetgull Saftig Biff,"kr 33,20",Potetchips og snacks,"kr 132,80 per kg"
Snacks og godteri,180 g,Totenflak Skråkutta Paprika,"kr 31,50",Potetchips og snacks,"kr 175,00 per kg"
Snacks og godteri,180 g,Totenflak Salta,"kr 31,40",Potetchips og snacks,"kr 174,44 per kg"
Snacks og godteri,180 g,Totenflak Salta & Pepra,"kr 32,30",Potetchips og snacks,"kr 179,44 per kg"
"Melk, meieriprodukter og egg",1 l,TineMelk Lett,"kr 18,80",Melk,"kr 18,80 per l"
"Melk, meieriprodukter og egg","1,75 l",Q Melk Lett,"kr 29,60",Melk,"kr 16,91 per l"
"Melk, meieriprodukter og egg","1%, 1 l",Q Melk Lett,"kr 17,40",Melk,"kr 17,40 per l"
"Melk, meieriprodukter og egg",1 l,Laktosefri Lettmelk,"kr 28,50",Melk,"kr 28,50 per l"
"Melk, meieriprodukter og egg","Laktoseredusert, 1 l",TineMelk Lett,"kr 24,60",Melk,"kr 24,60 per l"
"Melk, meieriprodukter og egg","1,2%, 1 l",TineMelk Økologisk Lett,"kr 25,10",Melk,"kr 25,10 per l"
"Melk, meieriprodukter og egg",1 l,Langtidsholdbar Melk Lett,"kr 35,50",Melk,"kr 35,50 per l"
"Melk, meieriprodukter og egg","0,5%, 1 l",Q Melk Lett,"kr 17,00",Melk,"kr 17,00 per l"
"Melk, meieriprodukter og egg","0,5%, 1,75 l",TineMelk Lett,"kr 28,80",Melk,"kr 16,46 per l"
Snacks og godteri,195 g,Havsalt,"kr 18,60",Potetchips og snacks,"kr 95,38 per kg"
Snacks og godteri,200 g,Spansk Paprika,"kr 28,80",Potetchips og snacks,"kr 144,00 per kg"
Snacks og godteri,195 g,Creme Fraiche,"kr 25,80",Potetchips og snacks,"kr 132,31 per kg"
Snacks og godteri,250 g,Sørlandschips Verdens Tynneste Havsalt,"kr 39,90",Potetchips og snacks,"kr 159,60 per kg"
Snacks og godteri,250 g,Sørlandschips Verdens Tynneste Havsalt og Pepper,"kr 39,90",Potetchips og snacks,"kr 159,60 per kg"
Snacks og godteri,150 g,Kettle Chips Sweet Chili,"kr 43,60",Potetchips og snacks,"kr 290,67 per kg"
Snacks og godteri,150 g,Kettle Chips Salt,"kr 44,90",Potetchips og snacks,"kr 299,33 per kg"
Snacks og godteri,135 g,Supermix Paprika,"kr 47,90",Potetchips og snacks,"kr 354,81 per kg"
Snacks og godteri,75 g,Poppa Spansk Paprika,"kr 19,80",Potetchips og snacks,"kr 264,00 per kg"
Snacks og godteri,225 g,Potetsticks,"kr 42,90",Potetchips og snacks,"kr 190,67 per kg"
Dyremat,"6 stk, 540 g",Snadder Meiseboller,"kr 16,00",Fuglemat,"kr 29,63 per kg"
"Melk, meieriprodukter og egg","0,5%, 1,75 l",Q Melk Lett,"kr 26,80",Melk,"kr 15,31 per l"
"Melk, meieriprodukter og egg","0,5%, 1 l",TineMelk Lett,"kr 16,90",Melk,"kr 16,90 per l"
"Melk, meieriprodukter og egg","0,5%, 1 l",Laktosefri Melk Lett,"kr 29,20",Melk,"kr 29,20 per l"
"Melk, meieriprodukter og egg","0,7%, Økologisk, 1 l",TineMelk Lett,"kr 24,60",Melk,"kr 24,60 per l"
"Melk, meieriprodukter og egg","0,1%, 1 l",Q Melk Skummet,"kr 16,80",Melk,"kr 16,80 per l"
"Melk, meieriprodukter og egg","0,1%, 1 l",TineMelk Skummet,"kr 16,90",Melk,"kr 16,90 per l"
Snacks og godteri,"3pk, 220 g",Micropopcorn,"kr 18,80",Potetchips og snacks,"kr 85,45 per kg"
Snacks og godteri,75 g,Popcorn Poppet,"kr 21,80",Potetchips og snacks,"kr 290,67 per kg"
Snacks og godteri,400 g,Popcorn Upoppet,"kr 34,70",Potetchips og snacks,"kr 86,75 per kg"
Snacks og godteri,90 g,French Fries Salt,"kr 28,80",Potetchips og snacks,"kr 320,00 per kg"
Snacks og godteri,165 g,Goldfish,"kr 46,10",Potetchips og snacks,"kr 279,39 per kg"
Snacks og godteri,255 g,Digg Salsa Dip Medium,"kr 37,80",Potetchips og snacks,"kr 148,24 per kg"
Snacks og godteri,"Holiday, 3-pakk, 66 g",Dipmix,"kr 37,80",Potetchips og snacks,"kr 572,73 per kg"
Snacks og godteri,22 g,Dipmix Holiday,"kr 16,80",Potetchips og snacks,"kr 763,64 per kg"
Dyremat,"10x85g, 850 g",Delicate Fish 10 Pack,"kr 129,00",Kattemat - faghandel,"kr 151,76 per kg"
Dyremat,2 stk,Crunchy Undulatstenger,"kr 21,50",Fuglemat,"kr 10,75 per stk"
Dyremat,1 kg,Solsikkefrø,"kr 28,10",Fuglemat,"kr 28,10 per kg"
Dyremat,"0,25 kg",Fuglepeanøtter,"kr 17,10",Fuglemat,"kr 68,40 per kg"
Dyremat,"2,5 kg",Solsikkefrø,"kr 47,40",Fuglemat,"kr 18,96 per kg"
Dyremat,500 g,Snadder Kjempemeisebolle,"kr 16,00",Fuglemat,"kr 32,00 per kg"
Dyremat,"2,5 kg",Fuglesand,"kr 27,60",Fuglemat,"kr 11,04 per kg"
"Melk, meieriprodukter og egg","1,75 l",TineMelk Hel,"kr 34,80",Melk,"kr 19,89 per l"
"Melk, meieriprodukter og egg",1 l,Q Helmelk,"kr 19,40",Melk,"kr 19,40 per l"
"Melk, meieriprodukter og egg",1 l,Tine Helmelk,"kr 19,40",Melk,"kr 19,40 per l"
"Melk, meieriprodukter og egg",1 l,Tine Laktosefri Helmelk,"kr 32,80",Melk,"kr 32,80 per l"
"Melk, meieriprodukter og egg",1 l,Langtidsholdbar Helmelk,"kr 40,10",Melk,"kr 40,10 per l"
"Melk, meieriprodukter og egg","Økologisk, 1 l",Tine Helmelk,"kr 26,70",Melk,"kr 26,70 per l"
"Melk, meieriprodukter og egg",1 l,Biola Bringebærdrikk,"kr 36,70",Melk,"kr 36,70 per l"
"Melk, meieriprodukter og egg",1 l,Biola Jordbær & Rabarbradrikk,"kr 48,20",Melk,"kr 48,20 per l"
"Melk, meieriprodukter og egg",1 l,Biola Mango Zero,"kr 39,80",Melk,"kr 39,80 per l"
Snacks og godteri,22 g,Dipmix Hvitløk,"kr 15,80",Potetchips og snacks,"kr 718,18 per kg"
Snacks og godteri,22 g,Dipmix Tortilla,"kr 14,80",Potetchips og snacks,"kr 672,73 per kg"
Snacks og godteri,185 g,Tortilla Chips Paprika,"kr 36,80",Potetchips og snacks,"kr 198,92 per kg"
Snacks og godteri,185 g,Tortillachips Sea Salt,"kr 26,80",Potetchips og snacks,"kr 144,86 per kg"
Snacks og godteri,185 g,Tortilla Chips Chili,"kr 26,80",Potetchips og snacks,"kr 144,86 per kg"
Snacks og godteri,170 g,Doritos Nacho Cheese,"kr 44,90",Potetchips og snacks,"kr 264,12 per kg"
Snacks og godteri,200 g,Tortillachips Ost,"kr 13,40",Potetchips og snacks,"kr 67,00 per kg"
Snacks og godteri,225 g,Cheez Cruncherz,"kr 47,40",Potetchips og snacks,"kr 210,67 per kg"
Snacks og godteri,175 g,Lays Chips Salted,"kr 44,40",Potetchips og snacks,"kr 253,71 per kg"
Snacks og godteri,90 g,Potetskruer Salt,"kr 29,80",Potetchips og snacks,"kr 331,11 per kg"
Dyremat,"10x85g, 850 g",House Salmon 10 Pack,"kr 129,00",Kattemat - faghandel,"kr 151,76 per kg"
Dyremat,"10x85g, 850 g",Junior Turkey 10 Pack,"kr 129,00",Kattemat - faghandel,"kr 151,76 per kg"
Dyremat,"To Adult cat, 3 kg",Sterilised Adult Salmon,"kr 299,00",Kattemat - faghandel,"kr 99,67 per kg"
Dyremat,3 kg,Adult 7+,"kr 299,00",Kattemat - faghandel,"kr 99,67 per kg"
Dyremat,3 kg,Adult Salmon & Rice,"kr 299,00",Kattemat - faghandel,"kr 99,67 per kg"
Dyremat,3 kg,Science Plan Feline Young Adult Sterilised Cat,"kr 449,00",Kattemat - faghandel,"kr 149,67 per kg"
Dyremat,"12x85g, 1,02 kg",Science Plan Feline Young Adult Sterilised Cat,"kr 149,00",Kattemat - faghandel,"kr 146,08 per kg"
Dyremat,3 kg,Science Plan Kitten Chicken,"kr 429,00",Kattemat - faghandel,"kr 143,00 per kg"
Dyremat,10 l,Ever Clean Multiple Cat Clumping,"kr 249,00",Kattemat - faghandel,"kr 24,90 per l"
"Melk, meieriprodukter og egg",1 l,Biola Jordbærdrikk,"kr 39,80",Melk,"kr 39,80 per l"
"Melk, meieriprodukter og egg","Lettmelk, 1 l",Biola Syrnet,"kr 29,80",Melk,"kr 29,80 per l"
"Melk, meieriprodukter og egg",1 l,Biola Granateple & Bringebær Zero,"kr 37,80",Melk,"kr 37,80 per l"
"Melk, meieriprodukter og egg","Limited Edition, 1 l",Biola Brasil Kokos & Cupuacu,"kr 45,40",Melk,"kr 45,40 per l"
"Melk, meieriprodukter og egg",1 l,Biola Blåbærdrikk,"kr 28,20",Melk,"kr 28,20 per l"
"Melk, meieriprodukter og egg",1 l,"Biola Rødbet, Eple & Lime","kr 37,30",Melk,"kr 37,30 per l"
"Melk, meieriprodukter og egg",1 l,BioQ Blåbær & Bringebær,"kr 44,30",Melk,"kr 44,30 per l"
"Melk, meieriprodukter og egg","1,2% Fett, 1 l","Rørosmjølk Lett, Økologisk","kr 19,80",Melk,"kr 19,80 per l"
"Melk, meieriprodukter og egg","4,0% Fett, 1 l",Rørosmjølk Hel Økologisk,"kr 21,40",Melk,"kr 21,40 per l"
"Melk, meieriprodukter og egg","0,7% Fett, 1 l",Rørosmjølk Økologisk,"kr 19,40",Melk,"kr 19,40 per l"
Hygieneartikler,75 ml,Zendium Classic,"kr 36,50",Tannpleie,"kr 486,67 per l"
Hygieneartikler,"Uten Parfyme, Anti Marks, 50 ml",Neutral Deo Roll-on,"kr 43,20",Deodorant,"kr 864,00 per l"
Hygieneartikler,8 stk,Kondom True Feeling,"kr 90,90",Prevensjon,"kr 11,36 per stk"
Snacks og godteri,200 g,Sjokoskruer,"kr 39,90",Potetchips og snacks,"kr 199,50 per kg"
Snacks og godteri,"Orginal, 200 g",Pringles,"kr 28,20",Potetchips og snacks,"kr 141,00 per kg"
Snacks og godteri,250 g,Soletti Saltstenger,"kr 23,00",Potetchips og snacks,"kr 92,00 per kg"
Snacks og godteri,250 g,Saltstenger,"kr 14,10",Potetchips og snacks,"kr 56,40 per kg"
Snacks og godteri,250 g,Ostepop,"kr 23,80",Potetchips og snacks,"kr 95,20 per kg"
Snacks og godteri,400 g,Potetchips Classic Salt,"kr 22,80",Potetchips og snacks,"kr 57,00 per kg"
Snacks og godteri,100 g,Prima Popcorn,"kr 14,50",Potetchips og snacks,"kr 145,00 per kg"
Dyremat,10 l,Ever Clean Litter Free Paw Clump,"kr 249,00",Kattemat - faghandel,"kr 24,90 per l"
Sminke og skjønnhet,1 stk,Brow ultra slim Deep Brown,"kr 92,60","Øyenskygge, liners og bryn","kr 92,60 per stk"
"Melk, meieriprodukter og egg",1 l,Økologisk skummet Rørosmjølk,"kr 23,80",Melk,"kr 23,80 per l"
"Melk, meieriprodukter og egg","1,5% fett, 1 l",Økologisk Tjukkmjølk,"kr 35,80",Melk,"kr 35,80 per l"
"Melk, meieriprodukter og egg","Økologisk, 1 l",Syrna Blå,"kr 40,40",Melk,"kr 40,40 per l"
"Melk, meieriprodukter og egg","Økologisk, 1 l",Kefir,"kr 27,90",Melk,"kr 27,90 per l"
"Melk, meieriprodukter og egg","Skummet, 1 l",Kulturmjølk,"kr 19,70",Melk,"kr 19,70 per l"
"Melk, meieriprodukter og egg",1 l,Kulturmjølk,"kr 19,40",Melk,"kr 19,40 per l"
"Melk, meieriprodukter og egg",1 l,Styrk Kakao,"kr 43,80",Melk,"kr 43,80 per l"
Hygieneartikler,"0-3 år, 50 ml",Zendium Kids Tannkrem,"kr 26,40",Tannpleie,"kr 528,00 per l"
Hygieneartikler,"5+ år, 50 ml",Zendium Junior,"kr 25,30",Tannpleie,"kr 506,00 per l"
Hygieneartikler,500 ml,Zendium Classic Munnskyll,"kr 62,30",Tannpleie,"kr 124,60 per l"
Hygieneartikler,"assortert variant, 1 stk",Tannbørste 0-5 år,"kr 34,60",Tannpleie,"kr 34,60 per stk"
Hygieneartikler,"Assortert design og smak, 0-6 år, 50 ml",Barnetannkrem,"kr 23,60",Tannpleie,"kr 472,00 per l"
Hygieneartikler,"Fra 6 -12 år, 50 ml",Junior Tannkrem,"kr 30,90",Tannpleie,"kr 618,00 per l"
Hygieneartikler,75 ml,Solidox Hvite Tenner,"kr 35,80",Tannpleie,"kr 477,33 per l"
Hygieneartikler,75 ml,Tannkrem Totalbeskyttelse,"kr 33,90",Tannpleie,"kr 452,00 per l"
Hygieneartikler,75 ml,Frisk Pust,"kr 33,80",Tannpleie,"kr 450,67 per l"
Hygieneartikler,"Precision Clean Head Refills, 2 stk",Tannbørste Refil,"kr 122,60",Tannpleie,"kr 61,30 per stk"
Hygieneartikler,50 ml,Roll-on Aloe Vera,"kr 44,60",Deodorant,"kr 892,00 per l"
Hygieneartikler,50 ml,Blooming Freesia Deo,"kr 46,70",Deodorant,"kr 934,00 per l"
Hygieneartikler,50 ml,Lilly Blossom Roll-On,"kr 46,10",Deodorant,"kr 922,00 per l"
Hygieneartikler,50 ml,Coconut Care Deo 50ml,"kr 29,80",Deodorant,"kr 596,00 per l"
Hygieneartikler,50 ml,Bright Blossom Deo,"kr 29,80",Deodorant,"kr 596,00 per l"
Hygieneartikler,40 ml,Go Fresh Stick,"kr 38,40",Deodorant,"kr 960,00 per l"
Hygieneartikler,50 ml,Talc Soft Roll On,"kr 37,80",Deodorant,"kr 756,00 per l"
Hygieneartikler,50 ml,Go Fresh Roll-On,"kr 42,20",Deodorant,"kr 844,00 per l"
Hygieneartikler,50 ml,Dove Original Roll On,"kr 37,80",Deodorant,"kr 756,00 per l"
Hygieneartikler,50 ml,Roll-On Refreshing,"kr 51,90",Deodorant,"kr 1038,00 per l"
Hygieneartikler,50 ml,Roll-On Pampering,"kr 51,90",Deodorant,"kr 1038,00 per l"
Hygieneartikler,"Profil, 10 stk",Kondomer,"kr 57,80",Prevensjon,"kr 5,78 per stk"
Hygieneartikler,1 stk,Graviditetstest,"kr 84,90",Prevensjon,"kr 84,90 per stk"
Legemidler og helsekost,6 stk,Gnagsårplaster,"kr 66,90",Plaster,"kr 11,15 per stk"
"Melk, meieriprodukter og egg","Str L, 12 stk",Frokostegg Fra  Frittgående Høner,"kr 36,50",Egg,"kr 41,95 per kg"
"Kaker, kjeks og desserter",300 g,Gifflar Kanel,"kr 24,30",Boller og lefser,"kr 81,00 per kg"
Sminke og skjønnhet,1 stk,Le Vernis A L'huile Crystal,"kr 82,20",Neglelakk og neglelakkfjerner,"kr 82,20 per stk"
Oster,"Økologisk, 150 g",Mini Brie,"kr 48,50",Spesialoster,"kr 323,33 per kg"
Snacks og godteri,"Vindstyrke 8, 150 g",Chili Klaus chips med Chili,"kr 51,90",Potetchips og snacks,"kr 346,00 per kg"
Snacks og godteri,125 g,Crispers Maissnacks,"kr 29,80",Potetchips og snacks,"kr 238,40 per kg"
Snacks og godteri,120 g,I Love Hjerter Salt,"kr 43,10",Potetchips og snacks,"kr 359,17 per kg"
Snacks og godteri,"3pk, 300 g",Micropopcorn med Smør,"kr 18,60",Potetchips og snacks,"kr 62,00 per kg"
Snacks og godteri,200 g,Partymix Paprika,"kr 22,60",Potetchips og snacks,"kr 113,00 per kg"
Snacks og godteri,180 g,Juleglede Paprika,"kr 29,90",Potetchips og snacks,"kr 166,11 per kg"
Snacks og godteri,180 g,Juleglede Salt,"kr 29,90",Potetchips og snacks,"kr 166,11 per kg"
Snacks og godteri,90 g,Pombear Salt,"kr 34,40",Potetchips og snacks,"kr 382,22 per kg"
Sminke og skjønnhet,1 stk,Brow Artist Xpert Ebony,"kr 103,00","Øyenskygge, liners og bryn","kr 103,00 per stk"
Sminke og skjønnhet,1 stk,Brow Artist Xpert Brunette,"kr 103,00","Øyenskygge, liners og bryn","kr 103,00 per stk"
Sminke og skjønnhet,1 stk,Brow Artist Designer Deep Brown,"kr 103,00","Øyenskygge, liners og bryn","kr 103,00 per stk"
Sminke og skjønnhet,1 stk,Superliner Perfect Slim Black,"kr 144,60","Øyenskygge, liners og bryn","kr 144,60 per stk"
Sminke og skjønnhet,1 stk,Brow ultra slim Blonde,"kr 92,60","Øyenskygge, liners og bryn","kr 92,60 per stk"
Sminke og skjønnhet,1 stk,Tattoo Signature Black,"kr 143,50","Øyenskygge, liners og bryn","kr 143,50 per stk"
Sminke og skjønnhet,1 stk,Unbelieva'brow Chatain,"kr 186,20","Øyenskygge, liners og bryn","kr 186,20 per stk"
Sminke og skjønnhet,1 stk,Brow Artist Designer Deli Blond,"kr 123,80","Øyenskygge, liners og bryn","kr 123,80 per stk"
Sminke og skjønnhet,1 stk,Lash Sensational Boosting serum,"kr 165,40","Øyenskygge, liners og bryn","kr 165,40 per stk"
"Melk, meieriprodukter og egg",1 l,Styrk Fettfri Melk,"kr 30,80",Melk,"kr 30,80 per l"
"Melk, meieriprodukter og egg",1 l,Tine Sjokomelk,"kr 21,80",Melk,"kr 21,80 per l"
"Melk, meieriprodukter og egg","Fettfri, 1 l",TINE Laktosefri Sjokomelk,"kr 32,60",Melk,"kr 32,60 per l"
"Melk, meieriprodukter og egg","Uten Tilsatt Sukker, 1 l",Litago,"kr 37,60",Melk,"kr 37,60 per l"
"Melk, meieriprodukter og egg",1 l,Litago Sjokolade,"kr 30,80",Melk,"kr 30,80 per l"
"Melk, meieriprodukter og egg",1 l,Tine Lettmelk Med Sjokoladesmak,,Melk,"kr 22,24 per l"
"Melk, meieriprodukter og egg","med Kaffe og kakao, 1 l",Tinemelk,,Melk,"kr 26,24 per l"
Hygieneartikler,75 ml,Solidox Sterke Tenner,"kr 26,10",Tannpleie,"kr 348,00 per l"
Hygieneartikler,"Mot ising, 75 ml",Repair & Protect White,"kr 37,60",Tannpleie,"kr 501,33 per l"
Hygieneartikler,75 ml,Tannkrem Gentle White,"kr 32,80",Tannpleie,"kr 437,33 per l"
Hygieneartikler,75 ml,Sensodyne Original,"kr 32,80",Tannpleie,"kr 437,33 per l"
Hygieneartikler,"Cooling Crystals, 75 ml",Tannkrem Max Fresh,"kr 33,40",Tannpleie,"kr 445,33 per l"
Hygieneartikler,"Whitening Mix, 75 ml",Colgate Total Original,"kr 33,90",Tannpleie,"kr 452,00 per l"
Hygieneartikler,75 ml,Tannkrem Sens White,"kr 23,10",Tannpleie,"kr 308,00 per l"
Hygieneartikler,75 ml,Tannkrem Karies Kontroll,"kr 17,70",Tannpleie,"kr 236,00 per l"
Legemidler og helsekost,60 stk,Vitaminbjørner,"kr 83,90",Helsekost,"kr 1,40 per stk"
"Melk, meieriprodukter og egg",1 l,Havredrikk iKaffe,"kr 32,40",Plantebasert drikke,"kr 32,40 per l"
Hygieneartikler,"Roll-on, 50 ml",Black & White Silky Smooth,"kr 33,90",Deodorant,"kr 678,00 per l"
Hygieneartikler,"Roll-on, 50 ml",Deo Dry Comfort,"kr 21,90",Deodorant,"kr 438,00 per l"
Hygieneartikler,50 ml,Pleiende Deodorant,"kr 32,40",Deodorant,"kr 648,00 per l"
Hygieneartikler,50 ml,Roll-on Sport Fresh,"kr 44,10",Deodorant,"kr 882,00 per l"
Hygieneartikler,50 ml,Power Dry Roll-On,"kr 45,60",Deodorant,"kr 912,00 per l"
Hygieneartikler,"Rollon, 50 ml",Dry Impact Deo,"kr 27,40",Deodorant,"kr 548,00 per l"
Hygieneartikler,50 ml,Black & White Fresh Rollon,"kr 40,40",Deodorant,"kr 808,00 per l"
Varme drikker,"50 poser, 50 stk",Twinings Earl Grey,"kr 85,10",Sort te,"kr 1,70 per stk"
Hygieneartikler,8 stk,Barberblad Fusion,"kr 396,00",Barbering,"kr 49,50 per stk"
"Kaker, kjeks og desserter","8 stk, 180 g",Gammeldagse Kokosboller,"kr 52,30",Småkaker,"kr 290,56 per kg"
Legemidler og helsekost,5 stk,Compeed Gnagsårplaster Medium,"kr 99,10",Plaster,"kr 19,82 per stk"
Legemidler og helsekost,28 stk,Aqua Resist Mix Plaster,"kr 23,70",Plaster,"kr 0,85 per stk"
Legemidler og helsekost,75 cm,Plaster Textile Elastic,"kr 30,70",Plaster,"kr 40,93 per m"
Legemidler og helsekost,12 stk,Vannfast Plaster,"kr 43,10",Plaster,"kr 3,59 per stk"
Legemidler og helsekost,"3 lag, Type II, 50 stk",Munnbind,"kr 390,00",Plaster,"kr 7,80 per stk"
Legemidler og helsekost,20 stk,Minions Plaster,"kr 53,80",Plaster,"kr 2,69 per stk"
"Melk, meieriprodukter og egg","Str M/L/XL, 6 stk",Økologiske Egg,"kr 20,90",Egg,"kr 55,00 per kg"
"Melk, meieriprodukter og egg","Str M/L/XL, 12 stk",Solegg Fra frittgående høner,"kr 48,80",Egg,"kr 60,25 per kg"
"Melk, meieriprodukter og egg","Storpakk, 18 stk",Egg fra Frittgående Høner S/M,"kr 51,90",Egg,"kr 50,88 per kg"
"Melk, meieriprodukter og egg","Str L, 9 stk",Store Egg Fra Frittgående Høner,"kr 41,50",Egg,"kr 67,81 per kg"
"Melk, meieriprodukter og egg","Str M/L, 6 stk",Solgule Egg Fra Frittgående Høner 6 Pk,"kr 28,00",Egg,"kr 72,92 per kg"
"Melk, meieriprodukter og egg","Str XL, 6 stk",Egg Fra Frittgående Høner,"kr 31,10",Egg,"kr 68,65 per kg"
"Melk, meieriprodukter og egg","Str M, 24 stk",Gårdsegg Fra Frittgående Høner,"kr 65,40",Egg,"kr 46,98 per kg"
"Melk, meieriprodukter og egg","Str S/M, Vår Laveste Pris, 12 stk",Egg,"kr 23,90",Egg,"kr 32,74 per kg"
"Kaker, kjeks og desserter","2 stk, 220 g",Lefsegodt,"kr 17,40",Boller og lefser,"kr 79,09 per kg"
"Kaker, kjeks og desserter","12 stk, 420 g",Kanelsnurrer,"kr 38,50",Boller og lefser,"kr 91,67 per kg"
"Kaker, kjeks og desserter","2 stk, 240 g",Lefsegodt Kanel,"kr 15,80",Boller og lefser,"kr 65,83 per kg"
"Kaker, kjeks og desserter","6 stk, 360 g",Croissant,"kr 31,10",Boller og lefser,"kr 86,39 per kg"
"Kaker, kjeks og desserter",230 g,Kanelboller Glutenfri,"kr 73,80",Boller og lefser,"kr 320,87 per kg"
"Kaker, kjeks og desserter","Glutenfri, 280 g",Kanelsnurrer,"kr 71,70",Boller og lefser,"kr 256,07 per kg"
"Kaker, kjeks og desserter","6 stk, 330 g",Lefsegodt,"kr 34,90",Boller og lefser,"kr 105,76 per kg"
"Kaker, kjeks og desserter",260 g,Klenning Smørkrem,"kr 33,40",Boller og lefser,"kr 128,46 per kg"
Sminke og skjønnhet,1 stk,Le Vernis A L'huile Greant Ireévérent,"kr 82,20",Neglelakk og neglelakkfjerner,"kr 82,20 per stk"
Sminke og skjønnhet,1 stk,Le Vernis A L'huile Madeleine Sucre,"kr 82,20",Neglelakk og neglelakkfjerner,"kr 82,20 per stk"
Sminke og skjønnhet,1 stk,Le Vernis A L'huile Nude Mademoiselle,"kr 82,20",Neglelakk og neglelakkfjerner,"kr 82,20 per stk"
Sminke og skjønnhet,1 stk,Le Vernis A L'huile Rubis Folies,"kr 82,20",Neglelakk og neglelakkfjerner,"kr 82,20 per stk"
Sminke og skjønnhet,1 stk,Le Vernis A L'huile Rose Ballet,"kr 82,20",Neglelakk og neglelakkfjerner,"kr 82,20 per stk"
Oster,450 g,Västerbottensost,,Spesialoster,"kr 241,11 per kg"
Oster,200 g,Halloumi,"kr 47,60",Spesialoster,"kr 238,00 per kg"
Oster,"Ambrosi, 250 g",Ricotta,"kr 25,90",Spesialoster,"kr 103,60 per kg"
Oster,225 g,Halloumi,"kr 68,90",Spesialoster,"kr 306,22 per kg"
Oster,125 g,Kremostring Pepper,,Spesialoster,"kr 188,16 per kg"
Oster,250 g,Norsk Alpeost,,Spesialoster,"kr 205,12 per kg"
Snacks og godteri,"Glutenfri, 60 g",Salinis - Salte Kringler,"kr 16,80",Potetchips og snacks,"kr 280,00 per kg"
Snacks og godteri,170 g,Snack Bites,"kr 16,60",Potetchips og snacks,"kr 97,65 per kg"
Snacks og godteri,65 g,TINE Cheesepop Gouda,"kr 32,80",Potetchips og snacks,"kr 32,80 per stk"
Snacks og godteri,"Cheese & Hot Sweet Chili, 185 g",Tortilla Mix,"kr 39,80",Potetchips og snacks,"kr 215,14 per kg"
Snacks og godteri,75 g,Baconsvor,"kr 34,60",Potetchips og snacks,"kr 461,33 per kg"
Snacks og godteri,"vindstyrke 4, 150 g",Chili Klaus chips Med Chili,"kr 51,90",Potetchips og snacks,"kr 346,00 per kg"
Snacks og godteri,30 g,Original Tørrfisksnacks,"kr 62,30",Potetchips og snacks,"kr 2076,67 per kg"
Sminke og skjønnhet,1 stk,Superliner Le Kohl Midnight Black,"kr 92,60","Øyenskygge, liners og bryn","kr 92,60 per stk"
Sminke og skjønnhet,1 stk,Superliner Le Kohl Pure Espresso,"kr 92,60","Øyenskygge, liners og bryn","kr 92,60 per stk"
Sminke og skjønnhet,1 stk,Clinically Proven Lash Serum,"kr 248,60","Øyenskygge, liners og bryn","kr 248,60 per stk"
Sminke og skjønnhet,1 stk,Ultra precision - Superliner Liquid Eyeliner Black,"kr 144,60","Øyenskygge, liners og bryn","kr 144,60 per stk"
Sminke og skjønnhet,1 stk,Brow ultra slim Medium Brown,"kr 123,80","Øyenskygge, liners og bryn","kr 123,80 per stk"
Sminke og skjønnhet,1 stk,Hyper Precise All Day Liquid Liner Black,"kr 113,40","Øyenskygge, liners og bryn","kr 113,40 per stk"
Sminke og skjønnhet,1 stk,Unbelieva'brow Dark Brunette,"kr 186,20","Øyenskygge, liners og bryn","kr 186,20 per stk"
Sminke og skjønnhet,1 stk,Brow Artist Xpert Warm Brunette,"kr 103,00","Øyenskygge, liners og bryn","kr 103,00 per stk"
Sminke og skjønnhet,1 stk,Brow Artist Xpert Grey Brunette,"kr 103,00","Øyenskygge, liners og bryn","kr 103,00 per stk"
"Melk, meieriprodukter og egg","Uten Tilsatt Sukker, 1 l",Tine Lettmelk Med Vanilje,,Melk,"kr 22,88 per l"
"Melk, meieriprodukter og egg",1 l,Q-sjokolademelk,"kr 28,00",Melk,"kr 28,00 per l"
"Melk, meieriprodukter og egg","Limited Edition, 0,5 l",Litago Banansplitt,"kr 20,80",Melk,"kr 41,60 per l"
"Melk, meieriprodukter og egg","0,5 l",Litago Sjokolade,"kr 17,30",Melk,"kr 34,60 per l"
"Melk, meieriprodukter og egg","0,5 l",Litago UTEN Tilsatt Sukker,"kr 22,60",Melk,"kr 45,20 per l"
"Melk, meieriprodukter og egg","Lettere, 0,5 l",Litago Sjokolade,"kr 18,80",Melk,"kr 37,60 per l"
"Melk, meieriprodukter og egg","0,5 l",Q-sjokolademelk,"kr 21,80",Melk,"kr 43,60 per l"
Hygieneartikler,75 ml,Tannkrem Mint,"kr 11,30",Tannpleie,"kr 150,67 per l"
Hygieneartikler,"0-2 år, Assortert Farge, 1 stk",Jordan Tannbørste,"kr 34,60",Tannpleie,"kr 34,60 per stk"
Hygieneartikler,"3-5 År, Assortert farge, 1 stk",Tannbørste,"kr 33,90",Tannpleie,"kr 33,90 per stk"
Hygieneartikler,"6-9 år, Assortert Farge, 1 stk",Tannbørste,"kr 35,80",Tannpleie,"kr 35,80 per stk"
Hygieneartikler,"Soft, Assortert Design, 1 stk",Tannbørste Individual Precision,"kr 35,90",Tannpleie,"kr 35,90 per stk"
Hygieneartikler,"Medium, Assortert Design, 1 stk",Tannbørste Individual Precision,"kr 38,10",Tannpleie,"kr 38,10 per stk"
Hygieneartikler,"Medium, Assortert Design, 1 stk",Tannbørste Individual Clean,"kr 35,20",Tannpleie,"kr 35,20 per stk"
Hygieneartikler,"Assortert Variant, 1 stk",Tannbørste Ultimate You Soft,"kr 35,20",Tannpleie,"kr 35,20 per stk"
Hygieneartikler,"Soft Flosser, Assortert Design, 1 stk",Tannbørste Clean Between,"kr 25,60",Tannpleie,"kr 25,60 per stk"
Legemidler og helsekost,60 stk,Collett Vitaminbjørner Cola,"kr 99,90",Helsekost,"kr 1,67 per stk"
Legemidler og helsekost,500 ml,Möller's Tran Sitron,"kr 146,90",Helsekost,"kr 293,80 per l"
Legemidler og helsekost,"Naturell, 500 ml",Tran,"kr 113,00",Helsekost,"kr 226,00 per l"
Legemidler og helsekost,144 stk,Trippel Omega-3,"kr 89,80",Helsekost,"kr 0,62 per stk"
Legemidler og helsekost,95 stk,D-vitamin,"kr 71,80",Helsekost,"kr 0,76 per stk"
Legemidler og helsekost,45 stk,Omega-3 Fisk,"kr 124,90",Helsekost,"kr 2,78 per stk"
Legemidler og helsekost,120 stk,Trippel Omega-3 Barn,"kr 99,80",Helsekost,"kr 0,83 per stk"
Legemidler og helsekost,450 g,Maltextrakt,"kr 68,40",Helsekost,"kr 152,00 per kg"
"Melk, meieriprodukter og egg",1 l,Havredrikk Kalsium,"kr 28,60",Plantebasert drikke,"kr 28,60 per l"
"Melk, meieriprodukter og egg",1 l,Havredrikk Økologisk,"kr 29,20",Plantebasert drikke,"kr 29,20 per l"
"Melk, meieriprodukter og egg",1 l,Havredrikk Sjokolade,"kr 36,40",Plantebasert drikke,"kr 36,40 per l"
"Melk, meieriprodukter og egg",250 ml,Oatly Havredrikk Sjokolade,"kr 16,40",Plantebasert drikke,"kr 65,60 per l"
"Melk, meieriprodukter og egg","Med Kalsium, 1 l",Mandel & Hasselnøttdrikk,"kr 41,50",Plantebasert drikke,"kr 41,50 per l"
"Melk, meieriprodukter og egg","Med Kalsium, 1 l",Mandel & Havredrikk,"kr 35,30",Plantebasert drikke,"kr 35,30 per l"
"Melk, meieriprodukter og egg","Med Kalsium, 1 l",Mandeldrikk Usøtet,"kr 37,30",Plantebasert drikke,"kr 37,30 per l"
Hygieneartikler,50 ml,Men Expert Thermic Resist Deodorant Roll-on,"kr 37,40",Deodorant,"kr 748,00 per l"
Hygieneartikler,50 ml,Men Expert Deo Roll-on Invincible Sport,"kr 40,90",Deodorant,"kr 818,00 per l"
Hygieneartikler,150 ml,Black Deospray,"kr 48,60",Deodorant,"kr 324,00 per l"
Hygieneartikler,50 ml,Deo Unisex,"kr 13,10",Deodorant,"kr 262,00 per l"
Varme drikker,100 stk,Twinings Earl Grey,"kr 127,10",Sort te,"kr 1,27 per stk"
Varme drikker,"50 poser, 50 stk",Yellow Label,"kr 51,00",Sort te,"kr 1,02 per stk"
Varme drikker,"25 poser, 25 stk",English Breakfast Te,"kr 54,10",Sort te,"kr 2,16 per stk"
Varme drikker,20 stk,Classic Teas Collection,"kr 66,70",Sort te,"kr 3,34 per stk"
Hygieneartikler,8 stk,Barberblader Mach 3,"kr 305,40",Barbering,"kr 38,18 per stk"
Hygieneartikler,4 stk,Fusion Proglide 5,"kr 228,90",Barbering,"kr 57,23 per stk"
Hygieneartikler,4 stk,Gillette Barberblad Proshield 4,"kr 218,90",Barbering,"kr 54,73 per stk"
Hygieneartikler,1 stk,Gillette Barberhøvel Fusion,"kr 108,00",Barbering,"kr 108,00 per stk"
Hygieneartikler,1 stk,Barberhøvel Skinguard Sensitive 2up,"kr 109,90",Barbering,"kr 109,90 per stk"
Hygieneartikler,1 stk,Barberhøvel Mach 3,"kr 87,90",Barbering,"kr 87,90 per stk"
"Kaker, kjeks og desserter","12 stk, 132 g",Makroner,"kr 80,20",Småkaker,"kr 607,58 per kg"
"Kaker, kjeks og desserter","8 biter, 144 g",Brownie Bite Size,"kr 28,40",Småkaker,"kr 197,22 per kg"
"Kaker, kjeks og desserter",350 g,Sjokoladekake,"kr 44,20",Småkaker,"kr 126,29 per kg"
"Kaker, kjeks og desserter",350 g,Sitronkake Med Glasur,"kr 36,00",Småkaker,"kr 102,86 per kg"
"Kaker, kjeks og desserter",350 g,Gulrotkake,"kr 41,60",Småkaker,"kr 118,86 per kg"
"Kaker, kjeks og desserter",500 g,Cheesecake Salted Caramel,"kr 70,90",Småkaker,"kr 141,80 per kg"
"Kaker, kjeks og desserter",550 g,Cheesecake Strawberry,"kr 79,70",Småkaker,"kr 144,91 per kg"
"Kaker, kjeks og desserter",175 g,Mini-Berliner Raspberry,"kr 31,60",Småkaker,"kr 180,57 per kg"
Sminke og skjønnhet,1 stk,Micellar Milky Water,"kr 62,20",Rens og bomull,"kr 62,20 per stk"
Dyremat,"Salmon, 12 kg",Adult All Breed,"kr 679,00",Hundemat - faghandel,"kr 56,58 per kg"
Hygieneartikler,"Kind to Skin, 25 stk",Renseservietter,"kr 32,90",Bomull og ansiktsrens,"kr 1,32 per stk"
Snacks og godteri,160 g,Brente Mandler,"kr 62,90",Nøtter,"kr 393,13 per kg"
Oster,150 g,Norsk Brie,,Spesialoster,"kr 244,27 per kg"
Oster,150 g,Økologisk Brie,,Spesialoster,"kr 226,67 per kg"
Oster,150 g,Selbu Blå kraftig,,Spesialoster,"kr 255,47 per kg"
"Melk, meieriprodukter og egg","0,5 l",Litago Melk Jordbærsmak,"kr 18,40",Melk,"kr 36,80 per l"
"Melk, meieriprodukter og egg","0,5 l",TineMelk Lett,"kr 12,60",Melk,"kr 25,20 per l"
"Melk, meieriprodukter og egg",330 ml,Yt Restitusjonsdrikk Kakao,"kr 24,80",Melk,"kr 75,15 per l"
"Melk, meieriprodukter og egg","0,25 l",Sjokomelk,"kr 10,40",Melk,"kr 41,60 per l"
"Melk, meieriprodukter og egg",220 ml,Milkshake Sjokolade,"kr 15,80",Melk,"kr 71,82 per l"
"Melk, meieriprodukter og egg",330 ml,Styrk Kakao,"kr 18,80",Melk,"kr 56,97 per l"
"Melk, meieriprodukter og egg",400 ml,Cocio Classic Flaske,"kr 17,80",Melk,"kr 44,50 per l"
Hygieneartikler,"Medium, 1 stk",Jordan TB Expert Clean,"kr 46,30",Tannpleie,"kr 46,30 per stk"
Hygieneartikler,1 stk,Tannbørste Target Medium,"kr 29,80",Tannpleie,"kr 29,80 per stk"
Hygieneartikler,"Soft, 1 stk",Jordan Tannbørste Green Clean,"kr 41,90",Tannpleie,"kr 41,90 per stk"
Hygieneartikler,"Medium, 1 stk",Tannbørste Green Clean,"kr 41,90",Tannpleie,"kr 41,90 per stk"
Hygieneartikler,"1 + 5 refill, 1 stk",Green Clean Flosser,"kr 39,90",Tannpleie,"kr 39,90 per stk"
Hygieneartikler,"Voksen ,100% Nedbrytbar, 1 stk",Tannbørste Medium Blå,"kr 35,40",Tannpleie,"kr 35,40 per stk"
Hygieneartikler,"Medium, 3 stk",Tannbørster,"kr 10,80",Tannpleie,"kr 3,60 per stk"
Legemidler og helsekost,"0,5 kg",Intensiv Sjokolade Shake,"kr 248,90",Helsekost,"kr 497,80 per kg"
Legemidler og helsekost,"Uten sukker, 500 ml",Sana-sol,"kr 84,90",Helsekost,"kr 169,80 per l"
Legemidler og helsekost,"2 pk, 288 stk",Trippel Omega-3,"kr 152,70",Helsekost,"kr 0,53 per stk"
Legemidler og helsekost,"112 kapsler, 1 stk",Möller's Den Originale,"kr 105,90",Helsekost,"kr 105,90 per stk"
Legemidler og helsekost,75 stk,B-vitamin,"kr 60,90",Helsekost,"kr 0,81 per stk"
Legemidler og helsekost,95 stk,C-max Appelsin,"kr 59,80",Helsekost,"kr 0,63 per stk"
Legemidler og helsekost,140 stk,Magnesium,"kr 107,90",Helsekost,"kr 0,77 per stk"
"Melk, meieriprodukter og egg","18%, 0,3 l",Matfløte,"kr 14,80",Fløte og rømmeprodukter,"kr 49,33 per l"
Dyremat,"1,5 kg",Kattemat for steriliserte katter,"kr 64,80",Kattemat,"kr 43,20 per kg"
Fisk og sjømat,200 g,Reker I Lake,"kr 55,20",Hermetisert sjømat,"kr 276,00 per kg"
Fisk og sjømat,"60%, 12 Stk, 600 g",Familiens Fiskekaker,"kr 83,10",Fiskekaker,"kr 138,50 per kg"
"Melk, meieriprodukter og egg","Med Kalsium, 1 l",Risdrikk,"kr 29,50",Plantebasert drikke,"kr 29,50 per l"
"Melk, meieriprodukter og egg",1 l,Mandeldrikk Usøtet,"kr 34,80",Plantebasert drikke,"kr 34,80 per l"
"Melk, meieriprodukter og egg","Med Kalsium, 1 l",Soyadrikk Original,"kr 38,40",Plantebasert drikke,"kr 38,40 per l"
"Melk, meieriprodukter og egg",1 l,Mandeldrikk,"kr 39,50",Plantebasert drikke,"kr 39,50 per l"
"Melk, meieriprodukter og egg",1 l,Soyadrikk Usøtet,"kr 29,80",Plantebasert drikke,"kr 29,80 per l"
"Melk, meieriprodukter og egg","Risdrikk med Kalsium, 1 l",Rice Original,"kr 33,10",Plantebasert drikke,"kr 33,10 per l"
"Melk, meieriprodukter og egg",1 l,Soyadrikk Sjokolade,"kr 39,40",Plantebasert drikke,"kr 39,40 per l"
"Melk, meieriprodukter og egg",1 l,Havremylk Usøtet,"kr 36,10",Plantebasert drikke,"kr 36,10 per l"
"Melk, meieriprodukter og egg",1 l,Havre & Mandelmylk,"kr 37,40",Plantebasert drikke,"kr 37,40 per l"
"Melk, meieriprodukter og egg",1 l,Gryr Havredrikk Fyldig Naturell,"kr 34,90",Plantebasert drikke,"kr 34,90 per l"
"Melk, meieriprodukter og egg",540 g,Margarin Brelett,"kr 37,40",Smør og margarin,"kr 69,26 per kg"
Sminke og skjønnhet,1 stk,Color Riche 236 Organza Lipstick,"kr 134,20","Leppestift, liner og gloss","kr 134,20 per stk"
Varme drikker,"Løsvekt, 200 g",Earl Grey,"kr 96,10",Sort te,"kr 480,50 per kg"
Varme drikker,"Løsvekt, 200 g",Lady Grey,"kr 105,40",Sort te,"kr 527,00 per kg"
Varme drikker,"Løsvekt, 200 g",English Breakfast,"kr 115,90",Sort te,"kr 579,50 per kg"
Varme drikker,"25 poser, 25 stk",Yellow Label Tea,"kr 29,90",Sort te,"kr 1,20 per stk"
Varme drikker,"Økologisk, 20 stk",Russian Earl Grey,"kr 35,60",Sort te,"kr 1,78 per stk"
Varme drikker,25 stk,Twinings Earl Grey,"kr 44,60",Sort te,"kr 1,78 per stk"
Varme drikker,"Økologisk, 25 stk",Twinings Earl Grey,"kr 57,10",Sort te,"kr 2,28 per stk"
Hygieneartikler,1 stk,Barberhøvel Proglide Power,"kr 198,90",Barbering,"kr 198,90 per stk"
Hygieneartikler,4 stk,Gillette Engangshøvel Blue3 Smooth,"kr 41,40",Barbering,"kr 10,35 per stk"
Hygieneartikler,4 stk,Barberblad Skinguard Sensitive,"kr 164,90",Barbering,"kr 41,23 per stk"
Hygieneartikler,200 ml,Barbergel Skinguard Sensitive,"kr 46,90",Barbering,"kr 234,50 per l"
Hygieneartikler,200 ml,Barbergel,"kr 45,10",Barbering,"kr 225,50 per l"
Hygieneartikler,"Hydrating, 200 ml",Barbergel Fusion Ultramoist,"kr 35,90",Barbering,"kr 179,50 per l"
Hygieneartikler,200 ml,Barbergel Mann,"kr 31,60",Barbering,"kr 158,00 per l"
Hygieneartikler,250 ml,Barberskum Sensitive,"kr 31,60",Barbering,"kr 126,40 per l"
Hygieneartikler,200 ml,Barberskum Regular Skum,"kr 18,20",Barbering,"kr 91,00 per l"
"Kaker, kjeks og desserter",455 g,Ostekake Toffee,"kr 49,90",Småkaker,"kr 109,67 per kg"
"Kaker, kjeks og desserter",574 g,Bringebær og Pistasj Pavlova,"kr 149,00",Småkaker,"kr 259,58 per kg"
"Kaker, kjeks og desserter",500 g,Eple Crumble,"kr 49,90",Småkaker,"kr 99,80 per kg"
"Kaker, kjeks og desserter","12 stk, 420 g",Kanelsnurrer,"kr 38,50",Småkaker,"kr 91,67 per kg"
"Kaker, kjeks og desserter",400 g,Mandelkake Suksess,"kr 66,70",Småkaker,"kr 166,75 per kg"
"Kaker, kjeks og desserter","20 stk, 250 g",Mini Vannbakkels,"kr 31,60",Småkaker,"kr 126,40 per kg"
Sminke og skjønnhet,1 stk,Micellar water 100ml,"kr 36,40",Rens og bomull,"kr 36,40 per stk"
Sminke og skjønnhet,400 ml,Cleanser & Makeup Remover,"kr 60,90",Rens og bomull,"kr 152,25 per l"
Sminke og skjønnhet,100 g,Bomull,"kr 12,10",Rens og bomull,"kr 121,00 per kg"
Sminke og skjønnhet,80 stk,Bomullspads,"kr 11,80",Rens og bomull,"kr 0,15 per stk"
Sminke og skjønnhet,1 stk,Pure Active 3in1 Intensive Charcoal,"kr 94,30",Rens og bomull,"kr 94,30 per stk"
Sminke og skjønnhet,"Skin Naturals, 150 ml",Pure Active Ansiktsrens 3in1,"kr 52,80",Rens og bomull,"kr 352,00 per l"
Sminke og skjønnhet,"Vannfast Sminkefjerner, 125 ml",Eye & Lip Express,"kr 49,80",Rens og bomull,"kr 398,40 per l"
Sminke og skjønnhet,"Med Papirpinne, 300 stk",Bomullspinner,"kr 13,80",Rens og bomull,"kr 0,05 per stk"
Dyremat,"Rich In Fresh Chicken, 12 kg",Active Adult Medium Breed,"kr 649,00",Hundemat - faghandel,"kr 54,08 per kg"
Dyremat,"Kylling, 12 kg",Active Adult Large Breed,"kr 649,00",Hundemat - faghandel,"kr 54,08 per kg"
Dyremat,"Rich In Fresh Chicken, 12 kg",Active Adult Small Breed,"kr 569,00",Hundemat - faghandel,"kr 47,42 per kg"
Dyremat,"12x370g, 4,44 kg",Science Plan Adult Advanced Fitness Chicken,"kr 330,00",Hundemat - faghandel,"kr 74,32 per kg"
Dyremat,12 kg,Adult Weight Control 1-7 Years Medium Breed,"kr 649,00",Hundemat - faghandel,"kr 54,08 per kg"
Dyremat,14 kg,Adult Large Athletic,"kr 699,00",Hundemat - faghandel,"kr 49,93 per kg"
Dyremat,14 kg,Adult Medium Chicken,"kr 689,00",Hundemat - faghandel,"kr 49,21 per kg"
Dyremat,14 kg,Adult Light Chicken,"kr 739,00",Hundemat - faghandel,"kr 52,79 per kg"
Dyremat,7 kg,Adult Small Chicken,"kr 429,00",Hundemat - faghandel,"kr 61,29 per kg"
Hygieneartikler,20 stk,Biodegradable Wipes,"kr 48,80",Bomull og ansiktsrens,"kr 2,44 per stk"
Hygieneartikler,20 stk,Ansiktsservietter,"kr 18,40",Bomull og ansiktsrens,"kr 0,92 per stk"
Hygieneartikler,25 stk,Makeup Remover Wipes,"kr 51,80",Bomull og ansiktsrens,"kr 2,07 per stk"
Hygieneartikler,25 stk,Cleansing Wipes Sensitive Face,"kr 28,40",Bomull og ansiktsrens,"kr 1,14 per stk"
Hygieneartikler,25 stk,Ansiktsservietter,"kr 9,30",Bomull og ansiktsrens,"kr 0,37 per stk"
Hygieneartikler,400 ml,Cleanser & Makeup Remover,"kr 60,90",Bomull og ansiktsrens,"kr 152,25 per l"
Snacks og godteri,270 g,Spesial Med Havsalt,"kr 77,80",Nøtter,"kr 288,15 per kg"
Snacks og godteri,"Uten Salt, 350 g",Nøtti Frutti,"kr 53,40",Nøtter,"kr 152,57 per kg"
Snacks og godteri,330 g,Polly Peanøtter,"kr 31,90",Nøtter,"kr 96,67 per kg"
Snacks og godteri,880 g,Polly Peanøtter,"kr 114,20",Nøtter,"kr 129,77 per kg"
Snacks og godteri,"Nøtter & Sjokolade, 260 g",Turmiks,"kr 43,90",Nøtter,"kr 168,85 per kg"
Snacks og godteri,300 g,Polly Peanøtter Lettsaltet,"kr 33,00",Nøtter,"kr 110,00 per kg"
Snacks og godteri,160 g,Cashew Mosambik,"kr 70,80",Nøtter,"kr 442,50 per kg"
Snacks og godteri,80 g,Yoghurtnøtter,"kr 42,40",Nøtter,"kr 530,00 per kg"
"Melk, meieriprodukter og egg","50% Mindre Sukker, 479 ml",Protein Sjokolademelk,"kr 28,80",Melk,"kr 60,13 per l"
"Melk, meieriprodukter og egg","Laktosefri, 0,33 l",Konge Sjokomelk,"kr 18,10",Melk,"kr 54,85 per l"
Hygieneartikler,"Assorterte smaker, 150 stk",Fluortablett Mix,"kr 57,80",Tannpleie,"kr 0,39 per stk"
Hygieneartikler,20 stk,Easy Clean Flosser Refill,"kr 45,70",Tannpleie,"kr 2,29 per stk"
Hygieneartikler,"Med smak, 36 stk",Jordan Flosser 3-in-1,"kr 49,80",Tannpleie,"kr 1,38 per stk"
Hygieneartikler,1 stk,Kids Flosser Kit,"kr 53,10",Tannpleie,"kr 1,48 per bruk"
Hygieneartikler,"Tannstikkere, 20 stk",Clean Between,"kr 38,40",Tannpleie,"kr 1,92 per stk"
Hygieneartikler,100 stk,Tannstikker Dobbeltspisset,"kr 30,40",Tannpleie,"kr 0,30 per stk"
Hygieneartikler,125 stk,Tannstikkere Bordpakning,"kr 38,40",Tannpleie,"kr 0,31 per stk"
Legemidler og helsekost,"75 tabletter, 75 stk",Jern Tyggetablett,"kr 107,90",Helsekost,"kr 1,44 per stk"
Legemidler og helsekost,130 stk,Kostpluss Multitotal,"kr 86,90",Helsekost,"kr 0,67 per stk"
Legemidler og helsekost,"Brusetabletter, 20 stk",Stay Sharp Fersken & Aprikos,"kr 54,80",Helsekost,"kr 2,74 per stk"
Legemidler og helsekost,250 ml,Floradix Formula Jern & Vitaminer,"kr 152,90",Helsekost,"kr 611,60 per l"
Legemidler og helsekost,100 stk,Vitamineral,"kr 77,90",Helsekost,"kr 0,78 per stk"
Legemidler og helsekost,"Sukkerfri, 60 g",Halstabletter med Honning & Sitron,"kr 56,80",Helsekost,"kr 2,37 per stk"
Legemidler og helsekost,"1000 mg, 20 stk",C-boost Sitron C-vitamin,"kr 57,80",Helsekost,"kr 2,89 per stk"
Legemidler og helsekost,"Brusetabeltter, 20 stk",Skin Glow Eple & Mint,"kr 56,70",Helsekost,"kr 2,84 per stk"
Legemidler og helsekost,300 g,Engelsk Ølgjær Protein,"kr 51,70",Helsekost,"kr 172,33 per kg"
"Melk, meieriprodukter og egg","0,3 l",Lett Matfløte 10%,"kr 22,40",Fløte og rømmeprodukter,"kr 74,67 per l"
"Melk, meieriprodukter og egg","0,3 l",Kaffefløte 10%,"kr 22,40",Fløte og rømmeprodukter,"kr 74,67 per l"
"Melk, meieriprodukter og egg","0,3 l",Q-Kremfløte,"kr 18,70",Fløte og rømmeprodukter,"kr 62,33 per l"
"Melk, meieriprodukter og egg",3 dl,Kremfløte,"kr 17,90",Fløte og rømmeprodukter,"kr 59,67 per l"
"Melk, meieriprodukter og egg","18%, 300 g",Q-lettrømme,"kr 15,50",Fløte og rømmeprodukter,"kr 51,67 per kg"
"Melk, meieriprodukter og egg",300 g,Lettrømme 10%,"kr 17,80",Fløte og rømmeprodukter,"kr 59,33 per kg"
Dyremat,4 kg,"Okse, Kylling & Lever","kr 129,90",Kattemat,"kr 32,48 per kg"
Dyremat,1 kg,"Okse, Kylling & Lever","kr 48,80",Kattemat,"kr 48,80 per kg"
Dyremat,1 kg,Laks & Grønnsaker,"kr 48,10",Kattemat,"kr 48,10 per kg"
Dyremat,"Friskies, 400 g",Junior Katt,"kr 28,40",Kattemat,"kr 71,00 per kg"
Dyremat,"Friskies, 4 kg",Tunfisk og grønnsaker,"kr 121,70",Kattemat,"kr 30,43 per kg"
Dyremat,"12 stk, 960 g",Latz Tasty Shreds Kjøtt,"kr 58,10",Kattemat,"kr 60,52 per kg"
Fisk og sjømat,200 g,Krepsehaler,"kr 70,50",Hermetisert sjømat,"kr 352,50 per kg"
Fisk og sjømat,400 g,Små Reker I Lake,"kr 71,30",Hermetisert sjømat,"kr 178,25 per kg"
Fisk og sjømat,85 g,Tunfisk Thai Chili,"kr 15,80",Hermetisert sjømat,"kr 185,88 per kg"
Fisk og sjømat,85 g,Tunfisk med Tomat & Basilikum,"kr 15,00",Hermetisert sjømat,"kr 176,47 per kg"
Fisk og sjømat,85 g,Tunfisk i Olivenolje,"kr 21,60",Hermetisert sjømat,"kr 254,12 per kg"
Fisk og sjømat,800 g,Fiskeboller,"kr 16,90",Hermetisert sjømat,"kr 21,13 per kg"
Fisk og sjømat,50 g,Gaffelbiter i Dill,"kr 18,20",Hermetisert sjømat,"kr 364,00 per kg"
Fisk og sjømat,50 g,Ansjosfilet,"kr 21,90",Hermetisert sjømat,"kr 438,00 per kg"
Fisk og sjømat,"65%, 250 g",Pro Burger Ost & Bacon,"kr 43,60",Fiskekaker,"kr 174,40 per kg"
Fisk og sjømat,"60%, 7 Stk, 450 g",Hjemmelagde fiskekaker,"kr 75,80",Fiskekaker,"kr 168,44 per kg"
Fisk og sjømat,"56%, 2 Stk, 250 g",Burger m/Steinbit & Hvitløk,"kr 51,90",Fiskekaker,"kr 207,60 per kg"
Fisk og sjømat,"86%, 500 g",Burger av Torsk & Hyse,"kr 97,90",Fiskekaker,"kr 195,80 per kg"
Fisk og sjømat,"86%, 500 g",Burger av Torsk & Sei,"kr 69,30",Fiskekaker,"kr 138,60 per kg"
Fisk og sjømat,"80%, 4 stk",Burger m/Steinbit & Gressløk,"kr 61,30",Fiskekaker,"kr 139,32 per kg"
Fisk og sjømat,"80%, 4 stk",Burger av Hyse & Torsk,"kr 62,20",Fiskekaker,"kr 141,36 per kg"
Fisk og sjømat,"80%, 4 stk",Burger m/Purre & Paprika,"kr 61,70",Fiskekaker,"kr 140,23 per kg"
"Melk, meieriprodukter og egg",1 l,"Gryr Havredrikk Naturell 1,5%","kr 30,90",Plantebasert drikke,"kr 30,90 per l"
"Melk, meieriprodukter og egg",1 l,Økologisk Havredrikk med Kalsium,"kr 29,00",Plantebasert drikke,"kr 29,00 per l"
"Melk, meieriprodukter og egg",1 l,Økologisk Havredrikk med Sjokolade,"kr 30,10",Plantebasert drikke,"kr 30,10 per l"
"Melk, meieriprodukter og egg",1 l,Økologisk Mandeldrikk,"kr 27,70",Plantebasert drikke,"kr 27,70 per l"
"Melk, meieriprodukter og egg",1 l,Økologisk Risdrikk,"kr 29,00",Plantebasert drikke,"kr 29,00 per l"
"Melk, meieriprodukter og egg",1 l,Vegansk Drikk Usøtet,"kr 29,60",Plantebasert drikke,"kr 29,60 per l"
Hygieneartikler,"2pk, 60 stk",Truseinnlegg Normal,"kr 47,10",Bind og tamponger,"kr 0,79 per stk"
Snacks og godteri,84 g,Extra White Sweetmint,"kr 47,80",Tyggis og pastiller,"kr 569,05 per kg"
Varme drikker,"Intensitet 6, 10 stk",Starbucks Blonde Espresso Roast,"kr 41,80",Kaffekapsler,"kr 4,18 per stk"
"Melk, meieriprodukter og egg",400 g,Berit Nordstrand Smøremyk,"kr 41,20",Smør og margarin,"kr 103,00 per kg"
"Melk, meieriprodukter og egg",370 g,Vita Hjertego' Lett Margarin,"kr 29,80",Smør og margarin,"kr 80,54 per kg"
"Melk, meieriprodukter og egg",250 g,Ekte Smør,"kr 32,30",Smør og margarin,"kr 129,20 per kg"
"Melk, meieriprodukter og egg",500 g,Ekte Meierismør,"kr 41,40",Smør og margarin,"kr 82,80 per kg"
"Melk, meieriprodukter og egg","Økologisk, 250 g",Røros Smør,"kr 48,80",Smør og margarin,"kr 195,20 per kg"
"Melk, meieriprodukter og egg",250 g,Usaltet Smør,"kr 29,40",Smør og margarin,"kr 117,60 per kg"
"Melk, meieriprodukter og egg",450 g,Kviteseidsmør,"kr 65,80",Smør og margarin,"kr 146,22 per kg"
"Melk, meieriprodukter og egg",400 g,Olivero Smør- Og Olivenolje,"kr 32,80",Smør og margarin,"kr 82,00 per kg"
"Melk, meieriprodukter og egg",570 g,Lett Soft Flora,"kr 34,20",Smør og margarin,"kr 60,00 per kg"
"Melk, meieriprodukter og egg","Spesial, 380 g",Soft Flora,"kr 39,30",Smør og margarin,"kr 103,42 per kg"
Sminke og skjønnhet,1 stk,Color Riche 258 Berry Lipstick,"kr 134,20","Leppestift, liner og gloss","kr 134,20 per stk"
Sminke og skjønnhet,1 stk,Color Riche Shine 112 Only in Paris Lipstick,"kr 155,00","Leppestift, liner og gloss","kr 155,00 per stk"
Sminke og skjønnhet,1 stk,Color Riche Shine 111 Instaheaven Lipstick,"kr 155,00","Leppestift, liner og gloss","kr 155,00 per stk"
Sminke og skjønnhet,1 stk,Color Riche Shine 245 High on Craze Lipstick,"kr 155,00","Leppestift, liner og gloss","kr 155,00 per stk"
Sminke og skjønnhet,1 stk,Color Riche 108 Brun Cuivre Lipstick,"kr 155,00","Leppestift, liner og gloss","kr 155,00 per stk"
Oster,700 g,Jarlsberg 27%,"kr 104,90",Gulost,"kr 149,86 per kg"
Fisk og sjømat,ca. 280 g,Varmrøkt Pepperlaks,"kr 85,70",Røkt og gravet fisk,"kr 306,07 per kg"
"Melk, meieriprodukter og egg","Fruktmiks 8 x 125g, 1000 g",Junior Yoghurt,"kr 43,70",Yoghurt,"kr 43,70 per kg"
Varme drikker,"50 poser, 50 stk",Earl Grey Te,"kr 20,60",Sort te,"kr 0,41 per stk"
Varme drikker,25 stk,Love Te,"kr 65,70",Sort te,"kr 2,63 per stk"
Varme drikker,25 stk,Rose Te,"kr 65,70",Sort te,"kr 2,63 per stk"
Varme drikker,"Instant Te, 208 g",Chai Latte Karamell,"kr 55,00",Sort te,"kr 264,42 per kg"
Varme drikker,"Instant Te, 208 g",Chai Latte Krydret,"kr 55,00",Sort te,"kr 264,42 per kg"
Hygieneartikler,4 stk,Barberblad Venus Comfortglide Breeze,"kr 148,90",Barbering,"kr 37,23 per stk"
Hygieneartikler,8 stk,Barberblad Venus Divine,"kr 362,00",Barbering,"kr 45,25 per stk"
Hygieneartikler,4 stk,Barberblad Venus Extra Smooth Sensitive,"kr 218,90",Barbering,"kr 54,73 per stk"
Hygieneartikler,1 stk,Barberhøvel Venus Divine,"kr 108,90",Barbering,"kr 108,90 per stk"
Hygieneartikler,200 ml,Satincare Pure & Delicate,"kr 37,80",Barbering,"kr 189,00 per l"
Hygieneartikler,200 ml,Barbergel Dame,"kr 29,60",Barbering,"kr 148,00 per l"
Hygieneartikler,200 ml,Hårfjerner Krem Normal,"kr 67,80",Barbering,"kr 339,00 per l"
Hygieneartikler,"voksstrips voks veet, 20 stk",Hårfjerning Wax Strips,"kr 111,20",Barbering,"kr 5,56 per stk"
Hygieneartikler,"Philips S5050/06, 1 stk",Barbermaskin,"kr 1298,00",Barbering,"kr 1298,00 per stk"
"Kaker, kjeks og desserter","6 stk, 360 g",Croissant,"kr 31,10",Småkaker,"kr 86,39 per kg"
"Kaker, kjeks og desserter",420 g,Peanøtt & Karamellkake,"kr 76,40",Småkaker,"kr 181,90 per kg"
"Kaker, kjeks og desserter",410 g,Soft Brownie,"kr 36,10",Småkaker,"kr 88,05 per kg"
"Kaker, kjeks og desserter","Glutenfri, 400 g",Sjokoladekake,"kr 96,90",Småkaker,"kr 242,25 per kg"
"Kaker, kjeks og desserter","12 stk, 408 g",Bakeverket Smultringer,"kr 43,00",Småkaker,"kr 105,39 per kg"
"Kaker, kjeks og desserter","4 stk, 200 g",Sjokomums,"kr 37,00",Småkaker,"kr 185,00 per kg"
"Kaker, kjeks og desserter",210 g,Terteskjell,"kr 38,10",Småkaker,"kr 181,43 per kg"
"Kaker, kjeks og desserter","Med Eplesyltetøy, 270 g",Eplekake,"kr 36,30",Småkaker,"kr 134,44 per kg"
"Kaker, kjeks og desserter","Med Sjokobiter, 270 g",Sjokoladekake,"kr 36,30",Småkaker,"kr 134,44 per kg"
"Kaker, kjeks og desserter",270 g,Sitronkake Bringebær,"kr 36,30",Småkaker,"kr 134,44 per kg"
"Kaker, kjeks og desserter","Tilbehør til Ost, 50 g",Fikenterte,"kr 30,10",Småkaker,"kr 602,00 per kg"
Sminke og skjønnhet,72 stk,Bomullspinner Baby,"kr 21,50",Rens og bomull,"kr 0,30 per stk"
Sminke og skjønnhet,206 stk,Q-tips,"kr 21,80",Rens og bomull,"kr 0,11 per stk"
Sminke og skjønnhet,"Kind to Skin, 25 stk",Renseservietter,"kr 32,90",Rens og bomull,"kr 1,32 per stk"
Sminke og skjønnhet,20 stk,Biodegradable Wipes,"kr 48,80",Rens og bomull,"kr 2,44 per stk"
Sminke og skjønnhet,25 stk,Makeup Remover Wipes,"kr 51,80",Rens og bomull,"kr 2,07 per stk"
Sminke og skjønnhet,25 stk,Ansiktsservietter,"kr 9,30",Rens og bomull,"kr 0,37 per stk"
Sminke og skjønnhet,20 stk,Ansiktsservietter,"kr 18,40",Rens og bomull,"kr 0,92 per stk"
Dyremat,3 kg,Puppy Medium Chicken,"kr 279,00",Hundemat - faghandel,"kr 93,00 per kg"
Dyremat,3 kg,Adult Small/Mini Sensitive,"kr 499,00",Hundemat - faghandel,"kr 166,33 per kg"
Dyremat,14 kg,Science Plan Adult No Grain Medium Dog Chicken,"kr 749,00",Hundemat - faghandel,"kr 62,42 per kg"
Dyremat,14 kg,Science Plan Canine Sensitive Stomach & Skin,"kr 799,00",Hundemat - faghandel,"kr 57,07 per kg"
Dyremat,14 kg,Science Plan Puppy Healthy Development Medium Chicken,"kr 799,00",Hundemat - faghandel,"kr 57,07 per kg"
Dyremat,14 kg,Science Plan Canine Adult Advanced Fitness Medium with Chicken,"kr 769,00",Hundemat - faghandel,"kr 54,93 per kg"
Hygieneartikler,1 stk,Micellar water 100ml,"kr 36,40",Bomull og ansiktsrens,"kr 36,40 per stk"
Hygieneartikler,"Vannfast Sminkefjerner, 125 ml",Eye & Lip Express,"kr 49,80",Bomull og ansiktsrens,"kr 398,40 per l"
Hygieneartikler,1 stk,Micellar Milky Water,"kr 62,20",Bomull og ansiktsrens,"kr 62,20 per stk"
Hygieneartikler,"Skin Naturals, 150 ml",Pure Active Ansiktsrens 3in1,"kr 52,80",Bomull og ansiktsrens,"kr 352,00 per l"
Hygieneartikler,150 ml,Face Wash,"kr 77,00",Bomull og ansiktsrens,"kr 513,33 per l"
Hygieneartikler,125 ml,Refresh and Hydrate Face Cleansing Gel,"kr 73,10",Bomull og ansiktsrens,"kr 584,80 per l"
Snacks og godteri,"Småsulten, 125 g",Polly Ovnsristede Mandler,"kr 42,70",Nøtter,"kr 341,60 per kg"
Snacks og godteri,180 g,Småsulten Nøtter & Frukt,"kr 41,90",Nøtter,"kr 232,78 per kg"
Snacks og godteri,60 g,Småsulten Nøtter & Bær,"kr 19,90",Nøtter,"kr 331,67 per kg"
Snacks og godteri,60 g,Småsulten Nøttemiks,"kr 22,40",Nøtter,"kr 373,33 per kg"
Snacks og godteri,60 g,Småsulten Nøtter & Frukt,"kr 20,60",Nøtter,"kr 343,33 per kg"
Snacks og godteri,35 g,Småsulten Maisnøtter,"kr 16,40",Nøtter,"kr 468,57 per kg"
Snacks og godteri,"Røstet & Saltet, 300 g",Peanøtter,"kr 32,80",Nøtter,"kr 109,33 per kg"
Hygieneartikler,1 stk,Tanntråd Easyslide,"kr 49,80",Tannpleie,"kr 49,80 per stk"
Hygieneartikler,25 m,Tanntråd Expand Fresh,"kr 48,60",Tannpleie,"kr 1,94 per m"
Hygieneartikler,50 m,Tanntråd Dentotape Slim,"kr 32,80",Tannpleie,"kr 0,66 per m"
Hygieneartikler,"0,5 l",Listerine Fluoride,"kr 54,80",Tannpleie,"kr 109,60 per l"
Hygieneartikler,500 ml,Listerine Total Care,"kr 39,80",Tannpleie,"kr 79,60 per l"
Hygieneartikler,"Cool Mint, 0,5 l",Munnskyll Plax Blå,"kr 54,80",Tannpleie,"kr 109,60 per l"
Hygieneartikler,75 ml,Vademecum Munnvann Original,"kr 64,40",Tannpleie,"kr 858,67 per l"
Hygieneartikler,"Med veske og tannkrem, 1 stk",Reisetannbørste,"kr 29,90",Tannpleie,"kr 29,90 per stk"
Legemidler og helsekost,30 stk,Gerimax Extreme Energy,"kr 148,90",Helsekost,"kr 4,96 per stk"
Legemidler og helsekost,20 stk,Sår Hals med Råmelk,"kr 39,80",Helsekost,"kr 1,99 per stk"
Legemidler og helsekost,120 stk,Trippel Omega-3 Kvinne,"kr 105,90",Helsekost,"kr 0,88 per stk"
Legemidler og helsekost,375 ml,Trippel Tran Lime,"kr 84,70",Helsekost,"kr 225,87 per l"
"Melk, meieriprodukter og egg","18%, 300 g",Lettrømme,"kr 14,80",Fløte og rømmeprodukter,"kr 49,33 per kg"
"Melk, meieriprodukter og egg",300 g,Seterrømme,"kr 27,30",Fløte og rømmeprodukter,"kr 91,00 per kg"
"Melk, meieriprodukter og egg","Økologisk, 300 g",Lettrømme,"kr 21,40",Fløte og rømmeprodukter,"kr 71,33 per kg"
"Melk, meieriprodukter og egg","Laktosefri, 300 g",Lettrømme,"kr 26,00",Fløte og rømmeprodukter,"kr 86,67 per kg"
"Melk, meieriprodukter og egg","Lett 18%, 300 g",Crème Fraîche,"kr 26,80",Fløte og rømmeprodukter,"kr 89,33 per kg"
"Melk, meieriprodukter og egg","Original, 300 g",Crème Fraîche,"kr 24,20",Fløte og rømmeprodukter,"kr 80,67 per kg"
Sminke og skjønnhet,1 stk,True Match Ivory Rose 1R/1C Foundation,"kr 186,20",Foundation og pudder,"kr 186,20 per stk"
Fisk og sjømat,,Ekstra Store Frosne Reker,"kr 810,20",Skalldyr,"kr 162,04 per kg"
Olje og krydder,100 ml,Fungi Soppekstrakt,"kr 144,60",Buljong og fond,"kr 1446,00 per l"
Blomster og planter,1 stk,Vase Konisk 26cm,"kr 124,00",Potter og Vaser,"kr 124,00 per stk"
Blomster og planter,"25cm, 1 stk",Vannplante og Glassvase Clusia Princess,"kr 224,00",Godt for inneklima,"kr 224,00 per stk"
Olje og krydder,1 kg,Tomatketchup,"kr 52,70",Ketchup og sennep,"kr 52,70 per kg"
Dyremat,"12 x 100g, 1,2 kg",Doubly Delicious,"kr 65,40",Kattemat,"kr 54,50 per kg"
Dyremat,"1,2 kg",Latz Agail Kjøtt & Grønnsaker,"kr 64,80",Kattemat,"kr 54,00 per kg"
Dyremat,"Okse, Kylling, Kanin & Laks, 8x85g, 680 g",Gourmet Perle Multipack,"kr 53,10",Kattemat,"kr 78,09 per kg"
Dyremat,"6x50g, 300 g",Gourmet Mon Petit Fisk,"kr 38,40",Kattemat,"kr 128,00 per kg"
Dyremat,300 g,Mon Petit Kjøtt,"kr 36,20",Kattemat,"kr 120,67 per kg"
Dyremat,"12x100g, 1,2 kg",Kjøttmeny i Saus,"kr 59,40",Kattemat,"kr 49,50 per kg"
Fisk og sjømat,550 g,Fiskeboller,"kr 34,70",Hermetisert sjømat,"kr 63,09 per kg"
Fisk og sjømat,170 g,Tunfisk i Vann,"kr 9,90",Hermetisert sjømat,"kr 58,24 per kg"
Fisk og sjømat,170 g,Skinnfri Makrell,"kr 19,60",Hermetisert sjømat,"kr 115,29 per kg"
Fisk og sjømat,30 g,Russisk Størkaviar,"kr 456,60",Hermetisert sjømat,"kr 15220,00 per kg"
Fisk og sjømat,"Easy Open, 2 stk",Tunfisk i Vann Naturell,"kr 41,50",Hermetisert sjømat,"kr 129,69 per kg"
Fisk og sjømat,50 g,Ørretrogn,"kr 52,80",Hermetisert sjømat,"kr 1056,00 per kg"
Fisk og sjømat,200 g,Sildakongen Gaffelbiter,"kr 28,40",Hermetisert sjømat,"kr 142,00 per kg"
Fisk og sjømat,100 g,Tørrfisksnacks Filet,"kr 155,90",Hermetisert sjømat,"kr 1559,00 per kg"
Fisk og sjømat,"53%, 380 g",Fiskekaker av Hyse og Sei,"kr 58,10",Fiskekaker,"kr 152,89 per kg"
Fisk og sjømat,"50%, 700 g",Hjertefiskekaker,"kr 55,00",Fiskekaker,"kr 78,57 per kg"
Fisk og sjømat,"51%, 385 g",Bestemors Fiskekaker,"kr 30,00",Fiskekaker,"kr 77,92 per kg"
Fisk og sjømat,"70%, Laktosefri, 550 g",Fiskekaker,"kr 49,00",Fiskekaker,"kr 89,09 per kg"
Fisk og sjømat,"63%, 300 g",Sprøbakt Torskefilet,"kr 55,00",Fiskekaker,"kr 183,33 per kg"
"Melk, meieriprodukter og egg",200 ml,Mandelfløte,"kr 28,00",Plantebasert drikke,"kr 140,00 per l"
"Melk, meieriprodukter og egg","Økologisk, 200 ml",Risfløte,"kr 19,70",Plantebasert drikke,"kr 98,50 per l"
"Melk, meieriprodukter og egg",250 ml,Vegetabilsk Havrefløte iMat,"kr 19,40",Plantebasert drikke,"kr 77,60 per l"
Hygieneartikler,60 stk,Truseinnlegg Normal,"kr 47,80",Bind og tamponger,"kr 0,80 per stk"
Hygieneartikler,30 stk,Truseinnlegg So Slim,"kr 30,80",Bind og tamponger,"kr 1,03 per stk"
Hygieneartikler,20 stk,Libresse Truseinnlegg X-tra Long,"kr 36,70",Bind og tamponger,"kr 1,84 per stk"
Hygieneartikler,14 stk,Normal Wing Bind,"kr 32,80",Bind og tamponger,"kr 2,34 per stk"
Hygieneartikler,14 stk,Bind Invisible Clip Normal,"kr 24,20",Bind og tamponger,"kr 1,73 per stk"
Hygieneartikler,"Wing, 10 stk",Libresse Maxi Goodnight Bind,"kr 38,40",Bind og tamponger,"kr 3,84 per stk"
Hygieneartikler,26 stk,Bind Ultra Normal+,"kr 34,60",Bind og tamponger,"kr 1,33 per stk"
Hygieneartikler,16 stk,Always Ultra Normal,"kr 21,90",Bind og tamponger,"kr 1,37 per stk"
Snacks og godteri,"Boks, 85 g",Tyggis Frisk Pust Peppermint,"kr 56,10",Tyggis og pastiller,"kr 660,00 per kg"
Snacks og godteri,"5 stk, 70 g",Extra Sweet Mint,"kr 46,90",Tyggis og pastiller,"kr 670,00 per kg"
Snacks og godteri,"5-pakk, 70 g",Extra Spearmint,"kr 46,20",Tyggis og pastiller,"kr 660,00 per kg"
Snacks og godteri,34 g,Ifa Salt Lakris,"kr 14,40",Tyggis og pastiller,"kr 423,53 per kg"
Snacks og godteri,"Drops Sukkerfri, 42 g",Werthers Original,"kr 32,20",Tyggis og pastiller,"kr 766,67 per kg"
Snacks og godteri,22 g,Fusion Strawberry & Lime,"kr 15,80",Tyggis og pastiller,"kr 718,18 per kg"
Snacks og godteri,23 g,Stimorol Max Duo Spearmint,"kr 17,40",Tyggis og pastiller,"kr 756,52 per kg"
Snacks og godteri,22 g,Stimorol Max Spearmint,"kr 16,80",Tyggis og pastiller,"kr 763,64 per kg"
Varme drikker,"Intensitet 7, 10 stk",Starbucks Colombia,"kr 43,30",Kaffekapsler,"kr 4,33 per stk"
Varme drikker,"Intensitet 7, 10 stk",Starbucks Pike Place Roast,"kr 43,30",Kaffekapsler,"kr 4,33 per stk"
Varme drikker,"Intensitet 8, 10 stk",Starbucks House Blend,"kr 41,80",Kaffekapsler,"kr 4,18 per stk"
Varme drikker,"Intensitet 10, 10 stk",Starbucks Caffe Verona,"kr 43,30",Kaffekapsler,"kr 4,33 per stk"
Varme drikker,"Intensitet 11, 10 stk",Starbucks Espresso Roast,"kr 43,30",Kaffekapsler,"kr 4,33 per stk"
Varme drikker,"Intensitet 4, 16 stk",Dolce Gusto Americano,"kr 59,80",Kaffekapsler,"kr 3,74 per stk"
"Melk, meieriprodukter og egg",520 ml,Flytende Melange,"kr 30,60",Smør og margarin,"kr 58,85 per l"
"Melk, meieriprodukter og egg",520 ml,Vita Flytende Hjertego',"kr 36,00",Smør og margarin,"kr 69,23 per l"
"Melk, meieriprodukter og egg","Flytende, 500 g",Rapskokos,"kr 50,00",Smør og margarin,"kr 100,00 per kg"
"Melk, meieriprodukter og egg",500 ml,Bremykt Flytende,"kr 39,60",Smør og margarin,"kr 79,20 per l"
"Melk, meieriprodukter og egg",400 g,Soft Flora Original,"kr 30,70",Smør og margarin,"kr 76,75 per kg"
"Melk, meieriprodukter og egg",370 g,Margarin Vita Hjertego',"kr 33,80",Smør og margarin,"kr 91,35 per kg"
"Melk, meieriprodukter og egg",600 g,Soft Flora Original,"kr 29,90",Smør og margarin,"kr 49,83 per kg"
Sminke og skjønnhet,1 stk,Color Riche 303 Rose Tendre Lipstick,"kr 155,00","Leppestift, liner og gloss","kr 155,00 per stk"
Sminke og skjønnhet,1 stk,Color Riche 345 Cherry Lipstick,"kr 155,00","Leppestift, liner og gloss","kr 155,00 per stk"
Sminke og skjønnhet,1 stk,Color Riche 453 Fondante de Rose Lipstick,"kr 155,00","Leppestift, liner og gloss","kr 155,00 per stk"
Sminke og skjønnhet,1 stk,Color Riche 464 Color Hype Lipstick,"kr 155,00","Leppestift, liner og gloss","kr 155,00 per stk"
Sminke og skjønnhet,1 stk,Color Sensational Galactic Mauve Lipstick,"kr 144,60","Leppestift, liner og gloss","kr 144,60 per stk"
Sminke og skjønnhet,1 stk,Color Sensational Magic Mauve Lipstick,"kr 134,20","Leppestift, liner og gloss","kr 134,20 per stk"
Sminke og skjønnhet,1 stk,Color Sensational Mauve Mania Lipstick,"kr 134,20","Leppestift, liner og gloss","kr 134,20 per stk"
Sminke og skjønnhet,1 stk,Color Sensational Summer Pink Lipstick,"kr 144,60","Leppestift, liner og gloss","kr 144,60 per stk"
Oster,ca. 520 g,Jarlsberg Vellagret,"kr 103,40",Gulost,"kr 198,85 per kg"
Oster,"Skiver, 250 g",Jarlsberg 27%,,Gulost,"kr 137,28 per kg"
Oster,120 g,Tine Jarlsberg Skiver,,Gulost,"kr 212,00 per kg"
Oster,"Skorpefri, 450 g",Jarlsberg,"kr 72,30",Gulost,"kr 160,67 per kg"
Oster,"16% Fett, 450 g",Jarlsberg Lettost,"kr 76,80",Gulost,"kr 170,67 per kg"
Oster,"Skiver, 150 g",Jarlsberg Lettere 16%,,Gulost,"kr 169,60 per kg"
Oster,ca. 500 g,Norvegia 27%,"kr 59,40",Gulost,"kr 118,80 per kg"
Fisk og sjømat,ca. 280 g,Sweet-Chili Laks i Bit,"kr 110,20",Røkt og gravet fisk,"kr 393,57 per kg"
Fisk og sjømat,250 g,Røkt Laks i Skiver,"kr 94,90",Røkt og gravet fisk,"kr 379,60 per kg"
Fisk og sjømat,200 g,Røkt Ørret i Skiver,"kr 90,20",Røkt og gravet fisk,"kr 451,00 per kg"
Fisk og sjømat,150 g,"Røkt Laks, Skivet","kr 51,90",Røkt og gravet fisk,"kr 346,00 per kg"
Fisk og sjømat,120 g,Røkt Laks i Skiver,"kr 58,90",Røkt og gravet fisk,"kr 490,83 per kg"
Fisk og sjømat,100 g,Gravet Laks i Skiver,"kr 49,80",Røkt og gravet fisk,"kr 498,00 per kg"
Fisk og sjømat,350 g,Røkt Ørret Skivet,"kr 129,00",Røkt og gravet fisk,"kr 368,57 per kg"
Fisk og sjømat,"Vår Laveste Pris, 90 g",Røkt Laks Skivet,"kr 26,90",Røkt og gravet fisk,"kr 298,89 per kg"
Fisk og sjømat,100 g,Einerrøkt Laks Skivet,"kr 46,70",Røkt og gravet fisk,"kr 467,00 per kg"
"Melk, meieriprodukter og egg","8x125g, 1 kg",Yoplait Safari Apeyoghurt,"kr 31,80",Yoghurt,"kr 31,80 per kg"
"Melk, meieriprodukter og egg","Uten tilsatt sukker eller søtstoff 8x125g, 1000 g",Junior Yoghurt Frukt,"kr 49,40",Yoghurt,"kr 49,40 per kg"
"Melk, meieriprodukter og egg",750 g,Gresk Yoghurt Naturell,"kr 64,70",Yoghurt,"kr 86,27 per kg"
"Melk, meieriprodukter og egg",1 kg,Yoghurt Gresk Naturell,"kr 52,90",Yoghurt,"kr 52,90 per kg"
"Melk, meieriprodukter og egg",1 kg,Yoghurt Tyrkisk Naturell 10%,"kr 64,80",Yoghurt,"kr 64,80 per kg"
"Melk, meieriprodukter og egg","2% Fett, 350 g",Gresk Yoghurt,"kr 33,80",Yoghurt,"kr 96,57 per kg"
"Melk, meieriprodukter og egg","Pose, 800 g",Frokostyoghurt Vanilje,"kr 33,80",Yoghurt,"kr 42,25 per kg"
"Kaker, kjeks og desserter","18 ringer, 900 g",Kransekake,"kr 150,40",Småkaker,"kr 167,11 per kg"
"Kaker, kjeks og desserter",600 g,Åmli 5 Sorter Julekaker,"kr 169,90",Småkaker,"kr 283,17 per kg"
"Kaker, kjeks og desserter",350 g,Kokostopper med Sjokolade,"kr 39,90",Småkaker,"kr 114,00 per kg"
"Kaker, kjeks og desserter",300 g,Serinakaker,"kr 39,90",Småkaker,"kr 133,00 per kg"
"Kaker, kjeks og desserter",360 g,Kokostopper,"kr 39,90",Småkaker,"kr 110,83 per kg"
"Kaker, kjeks og desserter",375 g,Figurpepperkaker,"kr 39,90",Småkaker,"kr 106,40 per kg"
"Kaker, kjeks og desserter",300 g,Sirupsnipper,"kr 39,90",Småkaker,"kr 133,00 per kg"
Sminke og skjønnhet,25 stk,Cleansing Wipes Sensitive Face,"kr 28,40",Rens og bomull,"kr 1,14 per stk"
Sminke og skjønnhet,1 stk,Konjac Sponge Cleanser Garnier Bio,"kr 92,60",Rens og bomull,"kr 92,60 per stk"
Sminke og skjønnhet,150 ml,Face Wash,"kr 77,00",Rens og bomull,"kr 513,33 per l"
Sminke og skjønnhet,"Cleanser, 150 ml",Lemongrass Purifying Gel Wash,"kr 93,50",Rens og bomull,"kr 623,33 per l"
Sminke og skjønnhet,125 ml,Refresh and Hydrate Face Cleansing Gel,"kr 73,10",Rens og bomull,"kr 584,80 per l"
Sminke og skjønnhet,150 stk,Ansiktsservietter,"kr 14,60",Rens og bomull,"kr 0,10 per stk"
Sminke og skjønnhet,10 stk,Fresh Intimservietter,"kr 29,30",Rens og bomull,"kr 2,93 per stk"
Sminke og skjønnhet,12 stk,Libresse V-care Intimservietter,"kr 14,90",Rens og bomull,"kr 1,24 per stk"
Hygieneartikler,"Cleanser, 150 ml",Lemongrass Purifying Gel Wash,"kr 93,50",Bomull og ansiktsrens,"kr 623,33 per l"
Hygieneartikler,1 stk,Pure Active 3in1 Intensive Charcoal,"kr 94,30",Bomull og ansiktsrens,"kr 94,30 per stk"
Hygieneartikler,1 stk,Hydra Energetic After Shave Balm 24H,"kr 103,00",Bomull og ansiktsrens,"kr 103,00 per stk"
Hygieneartikler,1 stk,Hydra Energetic Cleanser,"kr 67,60",Bomull og ansiktsrens,"kr 67,60 per stk"
Hygieneartikler,1 stk,Konjac Sponge Cleanser Garnier Bio,"kr 92,60",Bomull og ansiktsrens,"kr 92,60 per stk"
Hygieneartikler,80 stk,Bomullspads,"kr 11,80",Bomull og ansiktsrens,"kr 0,15 per stk"
Hygieneartikler,"Med Papirpinne, 300 stk",Bomullspinner,"kr 13,80",Bomull og ansiktsrens,"kr 0,05 per stk"
Hygieneartikler,72 stk,Bomullspinner Baby,"kr 21,50",Bomull og ansiktsrens,"kr 0,30 per stk"
Hygieneartikler,206 stk,Q-tips,"kr 21,80",Bomull og ansiktsrens,"kr 0,11 per stk"
Snacks og godteri,"Usaltet, 150 g",Cashewnøtter Økologisk,"kr 67,50",Nøtter,"kr 450,00 per kg"
Snacks og godteri,"Økologisk, 150 g",Hasselnøtter,"kr 75,70",Nøtter,"kr 504,67 per kg"
Snacks og godteri,250 g,Mandler,"kr 35,20",Nøtter,"kr 140,80 per kg"
Snacks og godteri,250 g,Hasselnøttkjerner,"kr 33,90",Nøtter,"kr 135,60 per kg"
Snacks og godteri,200 g,Valnøttkjerner,"kr 46,40",Nøtter,"kr 232,00 per kg"
Snacks og godteri,275 g,Peanøtter,"kr 18,40",Nøtter,"kr 66,91 per kg"
"Melk, meieriprodukter og egg","Original, 400 g",Cottage Cheese,"kr 29,80",Fløte og rømmeprodukter,"kr 74,50 per kg"
"Melk, meieriprodukter og egg","Mager, 400 g",Cottage Cheese,"kr 28,80",Fløte og rømmeprodukter,"kr 72,00 per kg"
"Melk, meieriprodukter og egg","Original, 300 g",Kesam,"kr 16,60",Fløte og rømmeprodukter,"kr 55,33 per kg"
"Melk, meieriprodukter og egg",300 g,Vaniljekesam,"kr 22,80",Fløte og rømmeprodukter,"kr 76,00 per kg"
"Melk, meieriprodukter og egg",300 g,Kesam Mager,"kr 19,80",Fløte og rømmeprodukter,"kr 66,00 per kg"
"Melk, meieriprodukter og egg","Mager, 420 g",Vaniljekesam,"kr 31,60",Fløte og rømmeprodukter,"kr 75,24 per kg"
Sminke og skjønnhet,1 stk,True Match Vanilla 2N Foundation,"kr 186,20",Foundation og pudder,"kr 186,20 per stk"
Sminke og skjønnhet,1 stk,True Match Vanilla Rose 2R/2C Foundation,"kr 186,20",Foundation og pudder,"kr 186,20 per stk"
Sminke og skjønnhet,1 stk,True Match Golden Beige 3D/3W Foundation,"kr 186,20",Foundation og pudder,"kr 186,20 per stk"
Sminke og skjønnhet,1 stk,True Match Beige Creme 3N  Foundation,"kr 186,20",Foundation og pudder,"kr 186,20 per stk"
Sminke og skjønnhet,1 stk,True Match Beige Rose 3R/3C Foundation,"kr 186,20",Foundation og pudder,"kr 186,20 per stk"
Sminke og skjønnhet,1 stk,True Match Sand Gold 5D/5W Foundation,"kr 186,20",Foundation og pudder,"kr 186,20 per stk"
Sminke og skjønnhet,1 stk,True Match Sand 5N Foundation,"kr 186,20",Foundation og pudder,"kr 186,20 per stk"
Sminke og skjønnhet,1 stk,True Match Amber Gold 7D/7W Foundation,"kr 186,20",Foundation og pudder,"kr 186,20 per stk"
Sminke og skjønnhet,1 stk,True Match Ivory Gold  1D/1W Foundation,"kr 186,20",Foundation og pudder,"kr 186,20 per stk"
Fisk og sjømat,,Kokt Kongekrabbe,"kr 599,00",Skalldyr,"kr 599,00 per kg"
Fisk og sjømat,,Frosne Store Reker,"kr 559,00",Skalldyr,"kr 111,80 per kg"
Fisk og sjømat,,Levende Blåskjell,"kr 68,70",Skalldyr,"kr 68,70 per kg"
Fisk og sjømat,"Chile, Str 60/80, 1 kg",Frosne Halvkokt Blåskjell,"kr 62,30",Skalldyr,"kr 62,30 per kg"
Fisk og sjømat,,Frosne Fylte Krabbeskjell,"kr 51,90",Skalldyr,"kr 346,00 per kg"
Fisk og sjømat,,Hitra Krabbeklør,"kr 93,50",Skalldyr,"kr 207,78 per kg"
Olje og krydder,1 l,Puljonki Okse Demi Glace,"kr 123,80",Buljong og fond,"kr 123,80 per l"
Olje og krydder,1 l,Puljonki Hønsebuljong,"kr 77,90",Buljong og fond,"kr 77,90 per l"
Olje og krydder,180 ml,Kyllingfond,"kr 57,80",Buljong og fond,"kr 321,11 per l"
Olje og krydder,180 ml,Kalvefond,"kr 57,80",Buljong og fond,"kr 321,11 per l"
Olje og krydder,180 ml,Oksefond med Rødvin,"kr 81,90",Buljong og fond,"kr 455,00 per l"
Olje og krydder,400 g,Maizena Maisstivelse,"kr 24,60",Buljong og fond,"kr 61,50 per kg"
Olje og krydder,"Økologisk, 130 g",Grønnsaksbuljong Gjærfri,"kr 44,80",Buljong og fond,"kr 344,62 per kg"
Blomster og planter,1 stk,Vase Rund 20cm,"kr 99,90",Potter og Vaser,"kr 99,90 per stk"
Blomster og planter,1 stk,Vase Sylinder 25cm,"kr 124,00",Potter og Vaser,"kr 124,00 per stk"
Blomster og planter,1 stk,Potte Hvit Ø 13cm,"kr 57,10",Potter og Vaser,"kr 57,10 per stk"
Blomster og planter,1 stk,Potte Olivengrønn Matt Ø 12cm,"kr 57,10",Potter og Vaser,"kr 57,10 per stk"
Blomster og planter,1 stk,Potte Sølvgrå Ø 12cm,"kr 57,10",Potter og Vaser,"kr 57,10 per stk"
Olje og krydder,530 g,Tomatketchup Økologisk,"kr 33,10",Ketchup og sennep,"kr 62,45 per kg"
Olje og krydder,300 g,Ketsjup,"kr 49,70",Ketchup og sennep,"kr 165,67 per kg"
Olje og krydder,"Prima, 1 kg",Ketchup,"kr 9,90",Ketchup og sennep,"kr 9,90 per kg"
Olje og krydder,340 g,Chili sauce,"kr 34,40",Ketchup og sennep,"kr 101,18 per kg"
Olje og krydder,"Økologisk, 580 g",Tomatketchup,"kr 49,40",Ketchup og sennep,"kr 85,17 per kg"
Olje og krydder,"Uten tilsatt sukker, 510 g",Tomatketchup,"kr 15,90",Ketchup og sennep,"kr 31,18 per kg"
Olje og krydder,530 g,Tomatketchup,"kr 16,00",Ketchup og sennep,"kr 30,19 per kg"
Dyremat,"12x100g, 1,2 kg",Whiskas Fisk & Kjøtt i Gele,"kr 48,60",Kattemat,"kr 40,50 per kg"
Dyremat,"12x85g, 1,02 kg",Whiskas Junior Ragout,"kr 53,80",Kattemat,"kr 52,75 per kg"
Dyremat,40 g,Gourmet Crystal Soup Kylling & Fisk,"kr 10,80",Kattemat,"kr 270,00 per kg"
Dyremat,40 g,Gourmet Crystal Soup Tunfisk & Reker,"kr 11,10",Kattemat,"kr 277,50 per kg"
Dyremat,"3,8 kg",Oksekjøtt,"kr 160,20",Kattemat,"kr 42,16 per kg"
Fisk og sjømat,"Sprø Biter, 100 g",Tørrfisksnacks,"kr 177,90",Hermetisert sjømat,"kr 1779,00 per kg"
Fisk og sjømat,"Easy Open, 3 stk",Tunfisk i Solsikkeolje,"kr 34,90",Hermetisert sjømat,"kr 145,42 per kg"
Fisk og sjømat,185 g,Tunfisk i Vann,"kr 19,70",Hermetisert sjømat,"kr 106,49 per kg"
Fisk og sjømat,200 g,Reker i Lake Håndpillede,"kr 76,50",Hermetisert sjømat,"kr 382,50 per kg"
Fisk og sjømat,185 g,Tunfisk i Gele,"kr 19,60",Hermetisert sjømat,"kr 105,95 per kg"
Fisk og sjømat,340 g,Fiskepudding Snabb,"kr 24,90",Fiskekaker,"kr 73,24 per kg"
Fisk og sjømat,500 g,Fiskekaker,"kr 11,90",Fiskekaker,"kr 23,80 per kg"
Fisk og sjømat,300 g,Rekekabaret,"kr 34,90",Fiskekaker,"kr 116,33 per kg"
Olje og krydder,265 g,Fransk Dressing,"kr 52,10",Dressing,"kr 196,60 per kg"
Olje og krydder,69 g,Pepper Sort Malt,"kr 43,10",Krydder,"kr 624,64 per kg"
Snacks og godteri,100 g,Premium Dark 70% Cocoa,"kr 45,80",Sjokolade,"kr 458,00 per kg"
Dyremat,40 stk,Hundeposer,"kr 13,90",Hundemat,"kr 0,35 per stk"
Olje og krydder,"8 år, 250 ml",Leonardi Balsamicoeddik,"kr 248,60",Oljer og eddik,"kr 994,40 per l"
Hygieneartikler,12 stk,Bind Ultra Long+ Med Vinger,"kr 19,80",Bind og tamponger,"kr 1,65 per stk"
Hygieneartikler,18 stk,Bind Ultra Night,"kr 34,80",Bind og tamponger,"kr 1,93 per stk"
Hygieneartikler,16 stk,Always Bind Secure Night,"kr 41,60",Bind og tamponger,"kr 2,60 per stk"
Hygieneartikler,10 stk,Bind Ultra Night Wing,"kr 30,60",Bind og tamponger,"kr 3,06 per stk"
Hygieneartikler,10 stk,Bind Maxi Night 3 med Vinger,"kr 22,60",Bind og tamponger,"kr 2,26 per stk"
Hygieneartikler,26 stk,Truseinnlegg sensitiv,"kr 32,60",Bind og tamponger,"kr 1,25 per stk"
Hygieneartikler,"Truseinnlegg 30stk, 30 stk",Libresse String,"kr 31,80",Bind og tamponger,"kr 1,06 per stk"
Hygieneartikler,"Normal 32stk, 32 stk",Truseinnlegg,"kr 29,80",Bind og tamponger,"kr 0,93 per stk"
Snacks og godteri,22 g,Stimorol Fusion Vanilla Mint,"kr 15,80",Tyggis og pastiller,"kr 718,18 per kg"
Snacks og godteri,20 g,Stimorol Max Blueberry,"kr 15,80",Tyggis og pastiller,"kr 790,00 per kg"
Snacks og godteri,60 g,Doc Halslinser Honning-Lakris,"kr 28,20",Tyggis og pastiller,"kr 470,00 per kg"
Snacks og godteri,"Original, 60 g",Doc Halslinser,"kr 22,50",Tyggis og pastiller,"kr 375,00 per kg"
Snacks og godteri,"Eucalyptus, 60 g",Doc Halslinser,"kr 27,50",Tyggis og pastiller,"kr 458,33 per kg"
Snacks og godteri,50 g,Ricola Original Med Stevia,"kr 35,10",Tyggis og pastiller,"kr 702,00 per kg"
Snacks og godteri,50 g,Ricola Tranebær,"kr 35,10",Tyggis og pastiller,"kr 702,00 per kg"
Snacks og godteri,"Sukkerfri, 60 g",Halstabletter med Honning & Sitron,"kr 56,80",Tyggis og pastiller,"kr 2,37 per stk"
Varme drikker,"Intensitet 5, 16 stk",Dolce Gusto Grande,"kr 59,80",Kaffekapsler,"kr 3,74 per stk"
Varme drikker,"Intensitet 7, 16 stk",Dolce Gusto Mollbergs,"kr 59,80",Kaffekapsler,"kr 3,74 per stk"
Varme drikker,"Intensitet 9, 16 stk",Dolce Gusto Intenso Grande,"kr 59,80",Kaffekapsler,"kr 3,74 per stk"
Varme drikker,16 stk,Dolce Gusto Cafe Au Lait,"kr 59,80",Kaffekapsler,"kr 3,74 per stk"
Varme drikker,"8+8 kapsler, 16 stk",Dolce Gusto Cappuccino,"kr 59,80",Kaffekapsler,"kr 3,74 per stk"
Varme drikker,10 stk,Kaffekapsel Arabica Blend,"kr 31,90",Kaffekapsler,"kr 3,19 per stk"
Varme drikker,10 stk,Kaffekapsel Lungo Colombia,"kr 43,00",Kaffekapsler,"kr 4,30 per stk"
Varme drikker,10 stk,Kaffekapsel Espresso,"kr 43,00",Kaffekapsler,"kr 4,30 per stk"
"Melk, meieriprodukter og egg",390 g,Bremykt,"kr 30,30",Smør og margarin,"kr 77,69 per kg"
"Melk, meieriprodukter og egg",500 g,Bremykt,"kr 34,60",Smør og margarin,"kr 69,20 per kg"
"Melk, meieriprodukter og egg",370 g,Lett Soft Flora,"kr 25,10",Smør og margarin,"kr 67,84 per kg"
"Melk, meieriprodukter og egg",250 g,Vita Pro Aktiv,"kr 47,40",Smør og margarin,"kr 189,60 per kg"
"Melk, meieriprodukter og egg",500 g,Melange Margarin,"kr 28,90",Smør og margarin,"kr 57,80 per kg"
"Melk, meieriprodukter og egg",1 kg,Melange Margarin,"kr 54,00",Smør og margarin,"kr 54,00 per kg"
"Melk, meieriprodukter og egg",500 g,Melange Uten Salt & Melk,"kr 31,40",Smør og margarin,"kr 62,80 per kg"
"Melk, meieriprodukter og egg","Økologisk, 200 g",Meierismør,"kr 36,40",Smør og margarin,"kr 182,00 per kg"
"Melk, meieriprodukter og egg",90 g,Hvitløksmør,"kr 24,60",Smør og margarin,"kr 273,33 per kg"
"Melk, meieriprodukter og egg",90 g,Kryddersmør,"kr 24,00",Smør og margarin,"kr 266,67 per kg"
Sminke og skjønnhet,1 stk,Made for all Color Sensational Fuchsia for me,"kr 144,60","Leppestift, liner og gloss","kr 144,60 per stk"
Sminke og skjønnhet,1 stk,Color Sensational Tantalizing Taupe Lipstick,"kr 134,20","Leppestift, liner og gloss","kr 134,20 per stk"
Sminke og skjønnhet,1 stk,Made for all Color Sensational Mauve for me,"kr 144,60","Leppestift, liner og gloss","kr 144,60 per stk"
Sminke og skjønnhet,1 stk,Color Riche Shine 642 MLBB Lipstick,"kr 155,00","Leppestift, liner og gloss","kr 155,00 per stk"
Sminke og skjønnhet,1 stk,Made for all Color Sensational Pink for me,"kr 144,60","Leppestift, liner og gloss","kr 144,60 per stk"
Sminke og skjønnhet,1 stk,Made for all Color Sensational Plum for me,"kr 144,60","Leppestift, liner og gloss","kr 144,60 per stk"
Sminke og skjønnhet,1 stk,Made for all Color Sensational Red for me,"kr 144,60","Leppestift, liner og gloss","kr 144,60 per stk"
Oster,"9 mnd, ca. 540 g",Norvegia Vellagret m/skorpe,"kr 81,90",Gulost,"kr 151,67 per kg"
Oster,ca. 1 kg,Norvegia Skorpefri,"kr 105,00",Gulost,"kr 105,00 per kg"
Oster,150 g,Norvegia Skiver,,Gulost,"kr 143,47 per kg"
Oster,"Skivet, 300 g",Norvegia Original 27%,,Gulost,"kr 119,47 per kg"
Oster,830 g,Norvegia Fyldig,"kr 119,90",Gulost,"kr 144,46 per kg"
Oster,250 g,Norvegia Fyldig Skivet,,Gulost,"kr 174,08 per kg"
Oster,"Skorpefri, ca. 500 g",Norvegia Lettere,"kr 82,20",Gulost,"kr 164,40 per kg"
Oster,150 g,Norvegia Lettere i Skiver,,Gulost,"kr 146,13 per kg"
Oster,"Økologisk, 500 g",Norvegia 27%,"kr 90,90",Gulost,"kr 181,80 per kg"
Fisk og sjømat,ca. 200 g,Peppermakrell,"kr 24,60",Røkt og gravet fisk,"kr 123,00 per kg"
Fisk og sjømat,500 g,Røkt Laks i Skiver,"kr 179,20",Røkt og gravet fisk,"kr 358,40 per kg"
Fisk og sjømat,250 g,Kaldrøkt Laks,"kr 139,00",Røkt og gravet fisk,"kr 556,00 per kg"
Fisk og sjømat,220 g,Kryddersildfilet,"kr 28,80",Røkt og gravet fisk,"kr 130,91 per kg"
Fisk og sjømat,220 g,Spekesildfilet,"kr 28,80",Røkt og gravet fisk,"kr 130,91 per kg"
Fisk og sjømat,260 g,Einerrøkt Ørret Skivet,"kr 123,80",Røkt og gravet fisk,"kr 476,15 per kg"
Fisk og sjømat,260 g,Einerrøkt Laks Skivet,"kr 113,40",Røkt og gravet fisk,"kr 436,15 per kg"
Fisk og sjømat,100 g,Røkt Laks Skivet,"kr 37,00",Røkt og gravet fisk,"kr 370,00 per kg"
Fisk og sjømat,150 g,SALMA Kaldrøkt laks,"kr 98,90",Røkt og gravet fisk,"kr 659,33 per kg"
"Melk, meieriprodukter og egg",125 g,Q Frokostyoghurt Melon & Pasjonsfrukt,"kr 14,80",Yoghurt,"kr 118,40 per kg"
"Melk, meieriprodukter og egg",125 g,Q Frokostyoghurt Blåbær,"kr 13,80",Yoghurt,"kr 110,40 per kg"
"Melk, meieriprodukter og egg","Pose, 800 g",Frokostyoghurt Naturell,"kr 29,80",Yoghurt,"kr 37,25 per kg"
"Melk, meieriprodukter og egg","Pose, 800 g",Q Frokostyoghurt Melon & Pasjonsfrukt,"kr 33,80",Yoghurt,"kr 42,25 per kg"
"Melk, meieriprodukter og egg",800 g,Q Frokostyoghurt Jordbær,"kr 33,80",Yoghurt,"kr 42,25 per kg"
"Melk, meieriprodukter og egg","Pose, 90 g",Skyr Mini Jordbær,"kr 13,80",Yoghurt,"kr 153,33 per kg"
"Melk, meieriprodukter og egg",90 g,Skyr Mini Bringebær,"kr 13,80",Yoghurt,"kr 153,33 per kg"
"Kaker, kjeks og desserter",300 g,Pepperkakehus,"kr 46,90",Småkaker,"kr 156,33 per kg"
"Kaker, kjeks og desserter",300 g,Pepperkaker,"kr 19,90",Småkaker,"kr 66,33 per kg"
"Kaker, kjeks og desserter",275 g,Berlinerkranser,"kr 35,90",Småkaker,"kr 130,55 per kg"
"Kaker, kjeks og desserter",300 g,Sjokoladehavreflarn,"kr 39,90",Småkaker,"kr 133,00 per kg"
"Kaker, kjeks og desserter",300 g,Havreflarn,"kr 32,90",Småkaker,"kr 109,67 per kg"
Hygieneartikler,100 g,Bomull,"kr 12,10",Bomull og ansiktsrens,"kr 121,00 per kg"
Hygieneartikler,"Acetone Free, 75 ml",Express Nail Polish Remover,"kr 46,40",Bomull og ansiktsrens,"kr 618,67 per l"
Hygieneartikler,12 stk,Libresse V-care Intimservietter,"kr 14,90",Bomull og ansiktsrens,"kr 1,24 per stk"
Hygieneartikler,10 stk,Fresh Intimservietter,"kr 29,30",Bomull og ansiktsrens,"kr 2,93 per stk"
Hygieneartikler,150 stk,Ansiktsservietter,"kr 14,60",Bomull og ansiktsrens,"kr 0,10 per stk"
Hygieneartikler,15 stk,Lommeletter,"kr 20,10",Bomull og ansiktsrens,"kr 1,34 per stk"
Snacks og godteri,175 g,Cashewnøtter,"kr 38,80",Nøtter,"kr 221,71 per kg"
Snacks og godteri,175 g,Chilinøtter,"kr 25,70",Nøtter,"kr 146,86 per kg"
Snacks og godteri,175 g,Pistasjnøtter,"kr 41,20",Nøtter,"kr 235,43 per kg"
Snacks og godteri,600 g,Nøtte- & Fruktmix,"kr 31,10",Nøtter,"kr 51,83 per kg"
Snacks og godteri,"Pepper & Balsamico, 200 g",Røstede Peanøtter og Mandler,"kr 26,50",Nøtter,"kr 132,50 per kg"
Snacks og godteri,150 g,Økologiske Valnøtter,"kr 47,50",Nøtter,"kr 316,67 per kg"
Snacks og godteri,"Rå, Usaltet, 130 g",Økologiske Cashewnøtter,"kr 52,80",Nøtter,"kr 406,15 per kg"
"Melk, meieriprodukter og egg","Økologisk, 200 ml",Risfløte,"kr 19,70",Fløte og rømmeprodukter,"kr 98,50 per l"
"Melk, meieriprodukter og egg",200 ml,Mandelfløte,"kr 28,00",Fløte og rømmeprodukter,"kr 140,00 per l"
"Melk, meieriprodukter og egg",250 ml,Vegetabilsk Havrefløte iMat,"kr 19,40",Fløte og rømmeprodukter,"kr 77,60 per l"
"Melk, meieriprodukter og egg","Vegetabilsk, 200 ml",iMAT Fraiche,"kr 30,60",Fløte og rømmeprodukter,"kr 153,00 per l"
"Melk, meieriprodukter og egg","Laktosefri, 0,3 l",Matfløte,"kr 25,40",Fløte og rømmeprodukter,"kr 84,67 per l"
"Melk, meieriprodukter og egg","Laktosefri, 0,3 l",Kremfløte,"kr 23,30",Fløte og rømmeprodukter,"kr 77,67 per l"
"Melk, meieriprodukter og egg",250 ml,Kremtopp 33%,"kr 49,80",Fløte og rømmeprodukter,"kr 199,20 per l"
"Melk, meieriprodukter og egg",1 l,Fløte Kokestabil 20%,"kr 76,90",Fløte og rømmeprodukter,"kr 76,90 per l"
Sminke og skjønnhet,1 stk,Instant Eraser 00 Ivory,"kr 134,20",Foundation og pudder,"kr 134,20 per stk"
Sminke og skjønnhet,1 stk,Instant Eraser 01 Light,"kr 134,20",Foundation og pudder,"kr 134,20 per stk"
Sminke og skjønnhet,1 stk,Instant Eraser 02 Nude,"kr 134,20",Foundation og pudder,"kr 134,20 per stk"
Sminke og skjønnhet,1 stk,Instant Eraser 03 Fair,"kr 134,20",Foundation og pudder,"kr 134,20 per stk"
Sminke og skjønnhet,1 stk,Instant Eraser 06 Neutralizer,"kr 122,70",Foundation og pudder,"kr 122,70 per stk"
Sminke og skjønnhet,1 stk,Instant Anti Age Eraser Warm light,"kr 123,80",Foundation og pudder,"kr 123,80 per stk"
Sminke og skjønnhet,1 stk,C’est Magique anti redness skin enhancer CC Cream,"kr 155,00",Foundation og pudder,"kr 155,00 per stk"
Sminke og skjønnhet,1 stk,C’est Magique skin perfector BB cream Light,"kr 174,70",Foundation og pudder,"kr 174,70 per stk"
Fisk og sjømat,,Frosne Kamskjell,"kr 147,10",Skalldyr,"kr 408,61 per kg"
Fisk og sjømat,,Sjøfrosne Kamskjell,"kr 373,40",Skalldyr,"kr 405,87 per kg"
Fisk og sjømat,,Rå Scampi Uten Skall,"kr 136,80",Skalldyr,"kr 182,40 per kg"
Fisk og sjømat,,Scampi Rå med Skall,"kr 75,60",Skalldyr,"kr 189,00 per kg"
Fisk og sjømat,,Scampi,"kr 59,00",Skalldyr,"kr 218,52 per kg"
Olje og krydder,"Terninger, 5 l",Klar Kyllingbuljong,"kr 25,60",Buljong og fond,"kr 5,12 per l"
Olje og krydder,5 l,Klar Grønnsakbuljong,"kr 21,80",Buljong og fond,"kr 4,36 per l"
Olje og krydder,"Terninger, 8 l",Klar kjøttbuljong,"kr 36,60",Buljong og fond,"kr 4,58 per l"
Olje og krydder,"Terninger, 5 l",Klar fiskebuljong,"kr 27,40",Buljong og fond,"kr 5,48 per l"
Olje og krydder,6 l,Hønsebuljong Terninger,"kr 19,80",Buljong og fond,"kr 3,30 per l"
Olje og krydder,"Terninger, 6 l",Kjøttbuljong,"kr 21,40",Buljong og fond,"kr 3,57 per l"
Olje og krydder,"4 stk, 96 g",Fond Cups Kylling,"kr 21,80",Buljong og fond,"kr 227,08 per kg"
Olje og krydder,"4 stk, 96 g",Fond Cups Okse,"kr 21,80",Buljong og fond,"kr 227,08 per kg"
Olje og krydder,"Kjøtt, 4x28g, 112 g",Fond du Chef,"kr 26,40",Buljong og fond,"kr 235,71 per kg"
Olje og krydder,"Kylling, 4x28g, 112 g",Fond du Chef,"kr 28,80",Buljong og fond,"kr 257,14 per kg"
Olje og krydder,510 g,Bergbys sennep,"kr 21,40",Ketchup og sennep,"kr 41,96 per kg"
Olje og krydder,490 g,Pølsesennep,"kr 16,90",Ketchup og sennep,"kr 34,49 per kg"
Olje og krydder,490 g,Bodsennep,"kr 24,60",Ketchup og sennep,"kr 50,20 per kg"
Olje og krydder,380 g,Dijon Sennep,"kr 27,50",Ketchup og sennep,"kr 72,37 per kg"
Olje og krydder,210 g,Whole Grain Sennep,"kr 49,80",Ketchup og sennep,"kr 237,14 per kg"
Olje og krydder,230 g,Honey Dijon Sennep,"kr 46,80",Ketchup og sennep,"kr 203,48 per kg"
Olje og krydder,275 g,Grov Sennep,"kr 28,80",Ketchup og sennep,"kr 104,73 per kg"
Olje og krydder,450 g,Gyllensten Sterk Sennep,"kr 56,00",Ketchup og sennep,"kr 124,44 per kg"
Dyremat,950 g,Oksekjøtt +1,"kr 51,80",Kattemat,"kr 54,53 per kg"
Dyremat,950 g,Whiskas 1+ Sterile Kylling,"kr 68,60",Kattemat,"kr 72,21 per kg"
Dyremat,18 g,Sticks Salmon,"kr 10,80",Kattemat,"kr 600,00 per kg"
Dyremat,18 g,Sticks Strip,"kr 11,90",Kattemat,"kr 661,11 per kg"
Dyremat,400 g,Whiskas Kylling i Saus,"kr 23,80",Kattemat,"kr 59,50 per kg"
Dyremat,"12 stk, 1,02 kg",Whiskas Ragout Mixed Menu,"kr 53,80",Kattemat,"kr 52,75 per kg"
Fisk og sjømat,"Easy Open, 3 stk",Tunfisk i Olivenolje,"kr 38,90",Hermetisert sjømat,"kr 162,08 per kg"
Fisk og sjømat,106 g,Kippers,"kr 31,80",Hermetisert sjømat,"kr 300,00 per kg"
Fisk og sjømat,80 g,Rød Lodderogn,"kr 21,00",Hermetisert sjømat,"kr 262,50 per kg"
Fisk og sjømat,75 g,Lodderogn Sort,"kr 21,00",Hermetisert sjømat,"kr 280,00 per kg"
Fisk og sjømat,185 g,Tunfisk i Solsikkeolje,"kr 17,10",Hermetisert sjømat,"kr 92,43 per kg"
Olje og krydder,350 ml,Cæsar Dressing,"kr 69,80",Dressing,"kr 199,43 per l"
Olje og krydder,400 g,Selskapsdressing,"kr 22,70",Dressing,"kr 56,75 per kg"
Olje og krydder,30 g,Dressingmix Gresk,"kr 13,80",Dressing,"kr 460,00 per kg"
Olje og krydder,465 g,Thousand Island Maks 3% Fett,"kr 31,70",Dressing,"kr 68,17 per kg"
Olje og krydder,267 g,Creamy Caesar Dressing,"kr 56,90",Dressing,"kr 213,11 per kg"
Olje og krydder,380 g,Pizzadressing,"kr 24,00",Dressing,"kr 63,16 per kg"
Olje og krydder,41 g,Einebær,"kr 41,60",Krydder,"kr 1014,63 per kg"
Olje og krydder,65 g,Hel Sort Pepper,"kr 33,20",Krydder,"kr 510,77 per kg"
Olje og krydder,"Malt, 60 g",Paprika,"kr 36,80",Krydder,"kr 613,33 per kg"
Olje og krydder,20 g,Estragon,"kr 57,20",Krydder,"kr 2860,00 per kg"
Olje og krydder,"Tørket, 42 g",Rosmarin,"kr 50,00",Krydder,"kr 1190,48 per kg"
Olje og krydder,125 g,Maldonsalt,"kr 34,80",Krydder,"kr 278,40 per kg"
Olje og krydder,125 g,Maldon Salt Røkt,"kr 54,90",Krydder,"kr 439,20 per kg"
Snacks og godteri,100 g,Premium 70% Pekan & Havsalt,"kr 42,80",Sjokolade,"kr 428,00 per kg"
Snacks og godteri,150 g,Premium Fylt Marsipan,"kr 54,90",Sjokolade,"kr 366,00 per kg"
Snacks og godteri,150 g,Premium Fylt Kokos,"kr 55,90",Sjokolade,"kr 372,67 per kg"
Snacks og godteri,100 g,Premium 70% Bringebær,"kr 44,80",Sjokolade,"kr 448,00 per kg"
Snacks og godteri,100 g,Premium Dark 86% Cocoa,"kr 45,80",Sjokolade,"kr 458,00 per kg"
Snacks og godteri,100 g,Premium Rustikk Bringebær-Hasselnøtt,"kr 41,80",Sjokolade,"kr 418,00 per kg"
Snacks og godteri,100 g,Premium Rustikk Hasselnøtt-Mandel,"kr 37,80",Sjokolade,"kr 378,00 per kg"
Snacks og godteri,120 g,Premium Perler Appelsin,"kr 52,20",Sjokolade,"kr 435,00 per kg"
Snacks og godteri,450 g,Kong Haakon,"kr 249,00",Sjokolade,"kr 553,33 per kg"
Dyremat,500 g,Hundepølse,"kr 24,80",Hundemat,"kr 49,60 per kg"
Dyremat,1 kg,Hundepølse,"kr 23,20",Hundemat,"kr 23,20 per kg"
Dyremat,15 g,Welldone Biff Snack til Hund,"kr 11,90",Hundemat,"kr 793,33 per kg"
Dyremat,15 g,Welldone Kylling Snack til Hund,"kr 11,90",Hundemat,"kr 793,33 per kg"
Dyremat,"28 stk, 440 g",Dentastix Small,"kr 95,30",Hundemat,"kr 216,59 per kg"
Dyremat,"720g, 28 stk",Dentastix Medium,"kr 95,90",Hundemat,"kr 3,43 per stk"
Dyremat,"28 stk, 1,08 kg",Dentastix Large,"kr 183,10",Hundemat,"kr 169,54 per kg"
Dyremat,"Medium, 2 stk, 130 g",Tyggeben Bigbite Hvit Rull,"kr 31,60",Hundemat,"kr 243,08 per kg"
Olje og krydder,"0,5 l",Hellstrøm Ekstra Virgin Olivenolje,"kr 158,40",Oljer og eddik,"kr 316,80 per l"
Olje og krydder,"0,5 l",Olivenolje Extra Virgin,"kr 52,10",Oljer og eddik,"kr 104,20 per l"
Olje og krydder,"Økologisk, 0,5 l",Olivenolje Extra Virgin,"kr 95,30",Oljer og eddik,"kr 190,60 per l"
Olje og krydder,"Økologisk, 0,5 l",Olivenolje Extra Virgin,"kr 63,40",Oljer og eddik,"kr 126,80 per l"
Olje og krydder,500 ml,Kalamata Olivenolje Extra Virgin,"kr 118,90",Oljer og eddik,"kr 237,80 per l"
Olje og krydder,"Økologisk, 0,5 l",Extra Virgin Olivenolje,"kr 98,80",Oljer og eddik,"kr 197,60 per l"
Olje og krydder,2 l,Olivenolje,"kr 180,00",Oljer og eddik,"kr 90,00 per l"
Hygieneartikler,30 stk,Truseinnlegg Normal Liner,"kr 32,80",Bind og tamponger,"kr 1,09 per stk"
Hygieneartikler,22 stk,Truseinnlegg Liner Long Plus,"kr 29,50",Bind og tamponger,"kr 1,34 per stk"
Hygieneartikler,26 stk,Truseinnlegg Liner Large,"kr 22,90",Bind og tamponger,"kr 0,88 per stk"
Hygieneartikler,30 stk,Truseinnlegg Normal,"kr 27,40",Bind og tamponger,"kr 0,91 per stk"
Hygieneartikler,52 stk,Always Truseinnlegg Large,"kr 47,60",Bind og tamponger,"kr 0,92 per stk"
Hygieneartikler,"Økologisk, 1 stk",Menstruasjonskopp Str. M,"kr 279,00",Bind og tamponger,"kr 279,00 per stk"
Hygieneartikler,"Økologisk, 1 stk",Menstruasjonskopp Str. L,"kr 279,00",Bind og tamponger,"kr 279,00 per stk"
Hygieneartikler,"Økologisk, 18 stk","Tamponger Regular, Ikke Klorbleket","kr 44,90",Bind og tamponger,"kr 2,49 per stk"
Hygieneartikler,"Økologisk, 16 stk","Tamponger med Innføringshylse Normal, Ikke Klorbleket","kr 54,90",Bind og tamponger,"kr 3,43 per stk"
Snacks og godteri,25 g,Fisherman's Friend Mint,"kr 21,30",Tyggis og pastiller,"kr 852,00 per kg"
Snacks og godteri,"Salmiak, 25 g",Fisherman's Friend,"kr 18,40",Tyggis og pastiller,"kr 736,00 per kg"
Snacks og godteri,25 g,Fisherman's Friend Raspberry,"kr 20,90",Tyggis og pastiller,"kr 836,00 per kg"
Snacks og godteri,"Original, 20 g",Fisherman's Friend,"kr 18,00",Tyggis og pastiller,"kr 900,00 per kg"
Snacks og godteri,"5,7 g",Frisk Eucalyptus Menthol,"kr 21,30",Tyggis og pastiller,"kr 3736,84 per kg"
Snacks og godteri,"30 stk, 69 g",Extra Mega Cubes Spearmint,"kr 51,40",Tyggis og pastiller,"kr 744,93 per kg"
Snacks og godteri,"Sukkerfri, 14 g",Extra Sweet Fruit,"kr 14,40",Tyggis og pastiller,"kr 1028,57 per kg"
Snacks og godteri,14 g,Extra Watermelon,"kr 15,40",Tyggis og pastiller,"kr 1100,00 per kg"
Varme drikker,"Intensity 8, 10 stk",L'Or Kaffekapsler Lungo Profondo,"kr 42,10",Kaffekapsler,"kr 4,21 per stk"
Varme drikker,"Intensity 9, 10 stk",L'or Kaffekapsler Ristretto Decaf,"kr 42,10",Kaffekapsler,"kr 4,21 per stk"
Varme drikker,"Intensity 10, 10 stk",L'or Kapsler Supremo,"kr 41,80",Kaffekapsler,"kr 4,18 per stk"
Varme drikker,"Intensity 11, 20 stk",L'Or Espresso Ristretto,"kr 84,70",Kaffekapsler,"kr 4,24 per stk"
Varme drikker,"Kapsler, 10 stk",Friele Lungo 6,"kr 42,10",Kaffekapsler,"kr 4,21 per stk"
Varme drikker,"Kapsler, 10 stk",Friele Espresso 7,"kr 36,00",Kaffekapsler,"kr 3,60 per stk"
Varme drikker,"Kaffeputer, 36 stk",Senseo Friele Medium kopp,"kr 72,60",Kaffekapsler,"kr 2,02 per stk"
Varme drikker,"Kaffeputer, 20 stk",Senseo Friele Stor kopp,"kr 73,10",Kaffekapsler,"kr 3,66 per stk"
"Melk, meieriprodukter og egg",250 g,Laktosefritt Smør,"kr 34,80",Smør og margarin,"kr 139,20 per kg"
"Melk, meieriprodukter og egg",250 g,Setersmør,"kr 35,40",Smør og margarin,"kr 141,60 per kg"
"Melk, meieriprodukter og egg",500 g,Soft Flora Margarin,"kr 26,60",Smør og margarin,"kr 53,20 per kg"
"Melk, meieriprodukter og egg",400 g,Plantemargarin,"kr 12,80",Smør og margarin,"kr 32,00 per kg"
"Melk, meieriprodukter og egg",500 g,Stekemargarin,"kr 16,80",Smør og margarin,"kr 33,60 per kg"
"Melk, meieriprodukter og egg",150 g,Go'vegan Smørepålegg,"kr 42,60",Smør og margarin,"kr 284,00 per kg"
"Melk, meieriprodukter og egg",250 g,Ribbefett Snabb,"kr 39,90",Smør og margarin,"kr 159,60 per kg"
Sminke og skjønnhet,1 stk,Made for all Color Sensational Ruby for me,"kr 144,60","Leppestift, liner og gloss","kr 144,60 per stk"
Oster,"Økologisk, 400 g",Gouda Modnet Hel,"kr 95,30",Gulost,"kr 238,25 per kg"
Oster,430 g,Østavind,"kr 81,90",Gulost,"kr 190,47 per kg"
Oster,ca. 450 g,Tine Nøkkelost Skorpefri,"kr 70,60",Gulost,"kr 156,89 per kg"
Oster,"Skivet, 150 g",Nøkkelost 27%,,Gulost,"kr 164,27 per kg"
Oster,"Skivet, 150 g",Nøkkelost Lettere,,Gulost,"kr 164,27 per kg"
Oster,450 g,Synnøve Gulost Bit,"kr 55,90",Gulost,"kr 124,22 per kg"
Oster,285 g,Skivet Gulost,"kr 39,80",Gulost,"kr 139,65 per kg"
Oster,ca. 1 kg,Gulost,"kr 89,00",Gulost,"kr 89,00 per kg"
Oster,150 g,Gulost Skivet,"kr 22,00",Gulost,"kr 146,67 per kg"
Fisk og sjømat,ca. 500 g,Vellagret Rakfisk,"kr 189,00",Røkt og gravet fisk,"kr 378,00 per kg"
Fisk og sjømat,350 g,Røkt Laks Skivet,"kr 107,00",Røkt og gravet fisk,"kr 305,71 per kg"
Fisk og sjømat,250 g,Kaldrøkt Hval,"kr 139,00",Røkt og gravet fisk,"kr 556,00 per kg"
Fisk og sjømat,250 g,Røyksteamet Gravet Laks,"kr 139,00",Røkt og gravet fisk,"kr 556,00 per kg"
Fisk og sjømat,"Vår Laveste Pris, ca. 1,1 kg",Røkt Laks Hel Side,"kr 207,00",Røkt og gravet fisk,"kr 188,18 per kg"
Fisk og sjømat,"Hel Side, ca. 1,4 kg",Røkt Laks,"kr 370,10",Røkt og gravet fisk,"kr 264,36 per kg"
Fisk og sjømat,100 g,Einerrøkt Ørret Skivet,"kr 48,80",Røkt og gravet fisk,"kr 488,00 per kg"
Fisk og sjømat,100 g,Røkt Ørret Skivet,"kr 37,00",Røkt og gravet fisk,"kr 370,00 per kg"
"Melk, meieriprodukter og egg","Pose, 90 g",Skyr Mini Banan,"kr 13,60",Yoghurt,"kr 151,11 per kg"
"Melk, meieriprodukter og egg",125 g,Skyr Skogsbær Pose,"kr 18,80",Yoghurt,"kr 150,40 per kg"
"Melk, meieriprodukter og egg","Blåbær, 90 g",Junior Yoghurt,"kr 12,60",Yoghurt,"kr 140,00 per kg"
"Melk, meieriprodukter og egg","Jordbær, 90 g",Junior Yoghurt,"kr 12,60",Yoghurt,"kr 140,00 per kg"
"Melk, meieriprodukter og egg","Jordbær 4x100g, 400 g",Danonino Drikkeyoghurt,"kr 28,80",Yoghurt,"kr 72,00 per kg"
"Melk, meieriprodukter og egg","Bringebær 4x100g, 400 g",Drikkeyoghurt,"kr 33,90",Yoghurt,"kr 84,75 per kg"
"Melk, meieriprodukter og egg","6x50g, 300 g",Yoghurt Mix No1,"kr 19,70",Yoghurt,"kr 65,67 per kg"
Snacks og godteri,"Ristet, Usaltet, 1 kg",Peanøtter,"kr 84,70",Nøtter,"kr 84,70 per kg"
Snacks og godteri,175 g,Røkte Og Salte Mandler,"kr 47,50",Nøtter,"kr 271,43 per kg"
Snacks og godteri,55 g,Cashewnøtter,"kr 12,70",Nøtter,"kr 230,91 per kg"
Snacks og godteri,60 g,Nøtte- og Fruktmix,"kr 10,00",Nøtter,"kr 166,67 per kg"
Snacks og godteri,50 g,Turmix M/Sjokolade,"kr 12,70",Nøtter,"kr 254,00 per kg"
Snacks og godteri,50 g,Rema 1000 Proteinmix,"kr 10,60",Nøtter,"kr 212,00 per kg"
Snacks og godteri,"Saltet Og Ristet, 50 g",Mandler,"kr 12,70",Nøtter,"kr 254,00 per kg"
Snacks og godteri,165 g,Polly Peanøtter,"kr 25,00",Nøtter,"kr 151,52 per kg"
"Melk, meieriprodukter og egg",1 l,Kremfløte,"kr 59,90",Fløte og rømmeprodukter,"kr 59,90 per l"
"Melk, meieriprodukter og egg",1 l,Matfløte 20% fett,"kr 85,00",Fløte og rømmeprodukter,"kr 85,00 per l"
"Melk, meieriprodukter og egg",240 g,Økologisk Cottage Cheese,"kr 37,40",Fløte og rømmeprodukter,"kr 155,83 per kg"
"Melk, meieriprodukter og egg",250 g,Ekte Krem 38%,"kr 34,60",Fløte og rømmeprodukter,"kr 138,40 per kg"
"Melk, meieriprodukter og egg",250 g,Menkomel Hvit Topping,"kr 39,80",Fløte og rømmeprodukter,"kr 159,20 per kg"
"Melk, meieriprodukter og egg",3 dl,Økologisk Kremfløte,"kr 29,80",Fløte og rømmeprodukter,"kr 99,33 per l"
"Melk, meieriprodukter og egg","1,5% fett, 1 l",Økologisk Tjukkmjølk,"kr 35,80",Fløte og rømmeprodukter,"kr 35,80 per l"
"Melk, meieriprodukter og egg",300 g,Q Crème Fraîche,"kr 24,30",Fløte og rømmeprodukter,"kr 81,00 per kg"
"Melk, meieriprodukter og egg","Økologisk, 250 g",Røros Rømme,"kr 38,40",Fløte og rømmeprodukter,"kr 153,60 per kg"
"Melk, meieriprodukter og egg",300 g,TINE Crème Fraîche Laktosefri,"kr 36,40",Fløte og rømmeprodukter,"kr 36,40 per stk"
Sminke og skjønnhet,1 stk,C’est Magique skin perfector BB cream Medium Light,"kr 174,70",Foundation og pudder,"kr 174,70 per stk"
Sminke og skjønnhet,1 stk,Fit Me Concealer Fair,"kr 101,90",Foundation og pudder,"kr 101,90 per stk"
Sminke og skjønnhet,1 stk,Fit Me Concealer Ivory,"kr 101,90",Foundation og pudder,"kr 101,90 per stk"
Sminke og skjønnhet,1 stk,Fit Me Concealer Light,"kr 101,90",Foundation og pudder,"kr 101,90 per stk"
Sminke og skjønnhet,1 stk,Fit Me Concealer Sand,"kr 101,90",Foundation og pudder,"kr 101,90 per stk"
Sminke og skjønnhet,1 stk,Fit Me Matte & Poreless Classic Ivory Foundation,"kr 103,00",Foundation og pudder,"kr 103,00 per stk"
Sminke og skjønnhet,1 stk,Fit Me Matte & Poreless Ivory Foundation,"kr 103,00",Foundation og pudder,"kr 103,00 per stk"
Fisk og sjømat,,Scampi Kokt Med Hale,"kr 95,10",Skalldyr,"kr 237,75 per kg"
Fisk og sjømat,,Frosne Kamskjell Uten Rogn,"kr 134,20",Skalldyr,"kr 268,40 per kg"
Fisk og sjømat,"20 stk, 500 g",Dim Sum Reker,"kr 72,70",Skalldyr,"kr 145,40 per kg"
Fisk og sjømat,20 stk,Dim Sum Reker Shomai,"kr 72,70",Skalldyr,"kr 145,40 per kg"
Fisk og sjømat,,Håndpillede Reker i Lake,"kr 104,90",Skalldyr,"kr 437,08 per kg"
Fisk og sjømat,,Skalldyrmiks,"kr 41,70",Skalldyr,"kr 245,29 per kg"
Fisk og sjømat,,Lobnobs,"kr 20,90",Skalldyr,"kr 232,22 per kg"
Fisk og sjømat,,Best Pris Reker,"kr 99,90",Skalldyr,"kr 49,95 per kg"
Olje og krydder,"Grønnsak, 4x28g, 112 g",Fond du Chef,"kr 27,80",Buljong og fond,"kr 248,21 per kg"
Olje og krydder,"Fisk, 4x28g, 1 stk",Fond du Chef,"kr 28,80",Buljong og fond,"kr 28,80 per stk"
Olje og krydder,"Gir 7,5l ferdig buljong, 7,5 l",Buljongpulver Mørk,"kr 28,40",Buljong og fond,"kr 3,79 per l"
Olje og krydder,"0,5 l",Buljonggele Lys,"kr 22,40",Buljong og fond,"kr 44,80 per l"
Olje og krydder,"Gir 7,5 l ferdig buljong, 7,5 l",Buljongpulver Lys,"kr 35,20",Buljong og fond,"kr 4,69 per l"
Olje og krydder,90 g,Sukkerkulør Flytende,"kr 15,80",Buljong og fond,"kr 175,56 per kg"
Olje og krydder,397 g,Classic Yellow Mustard,"kr 41,20",Ketchup og sennep,"kr 103,78 per kg"
Olje og krydder,450 g,Tomatketchup,"kr 25,10",Ketchup og sennep,"kr 55,78 per kg"
Olje og krydder,425 g,Ketchup uten sukker og salt,"kr 29,90",Ketchup og sennep,"kr 70,35 per kg"
Olje og krydder,200 g,Sennepssaus,"kr 43,20",Ketchup og sennep,"kr 216,00 per kg"
Olje og krydder,"Original, 255 ml",HP Sauce,"kr 42,80",Ketchup og sennep,"kr 167,84 per l"
Dyremat,55 g,Triocrunchy Fjærfe,"kr 23,70",Kattemat,"kr 430,91 per kg"
Dyremat,"4 x 40g, 160 g",Sheba Soup,"kr 37,60",Kattemat,"kr 235,00 per kg"
Dyremat,300 g,Pouch Mini Fjærkre,"kr 45,80",Kattemat,"kr 152,67 per kg"
Dyremat,680 g,Fjerkræ Delikatesser,"kr 82,60",Kattemat,"kr 121,47 per kg"
Dyremat,85 g,Selection Lam & Kylling,"kr 9,20",Kattemat,"kr 108,24 per kg"
Dyremat,"Fjærkre, 85 g",Craft Poultry,"kr 14,60",Kattemat,"kr 171,76 per kg"
Dyremat,85 g,Craft Tuna,"kr 13,10",Kattemat,"kr 154,12 per kg"
Dyremat,300 g,Pouch Mini Mix,"kr 45,80",Kattemat,"kr 152,67 per kg"
Olje og krydder,400 g,Hamburgerdressing,"kr 22,70",Dressing,"kr 56,75 per kg"
Olje og krydder,380 g,Hvitløksdressing,"kr 25,50",Dressing,"kr 67,11 per kg"
Olje og krydder,375 g,Majones,"kr 16,10",Dressing,"kr 42,93 per kg"
Olje og krydder,375 g,"Majones, Lett","kr 15,70",Dressing,"kr 41,87 per kg"
Olje og krydder,470 ml,Rømmedressing,"kr 28,80",Dressing,"kr 61,28 per l"
Olje og krydder,285 g,Saus Ravigotte,"kr 29,80",Dressing,"kr 104,56 per kg"
Olje og krydder,450 g,Thousand Island,"kr 25,00",Dressing,"kr 55,56 per kg"
Olje og krydder,"Spicy, 450 g",Pizza og Kebabdressing,"kr 40,10",Dressing,"kr 89,11 per kg"
Olje og krydder,450 g,Rømmedressing Med Hvitløk,"kr 34,80",Dressing,"kr 77,33 per kg"
Olje og krydder,"Med Kvern, 55 g",Havsaltflak,"kr 51,80",Krydder,"kr 941,82 per kg"
Olje og krydder,"Med kvern, 140 g",Rock salt,"kr 58,70",Krydder,"kr 419,29 per kg"
Olje og krydder,"Med Kvern, 150 g",Havsalt,"kr 52,20",Krydder,"kr 348,00 per kg"
Olje og krydder,250 g,Seltin Original,"kr 34,70",Krydder,"kr 138,80 per kg"
Olje og krydder,"Original, 550 g",Seltin,"kr 33,00",Krydder,"kr 60,00 per kg"
Olje og krydder,"0,5 kg",Kvernsalt,"kr 12,80",Krydder,"kr 25,60 per kg"
Olje og krydder,"Uten Jod, 1 kg",Jozo Fint Salt,"kr 8,60",Krydder,"kr 8,60 per kg"
Snacks og godteri,"Pose, 120 g",Premium Rustikk Mais og Hasselnøtter,"kr 49,80",Sjokolade,"kr 415,00 per kg"
Snacks og godteri,120 g,Premium Perler Bringebær,"kr 52,20",Sjokolade,"kr 435,00 per kg"
Snacks og godteri,47 g,Premium Dark,"kr 20,40",Sjokolade,"kr 434,04 per kg"
Snacks og godteri,"Hvit Sjokolade, 110 g",Fruktsjokolade Jordbær,"kr 62,20",Sjokolade,"kr 565,45 per kg"
Snacks og godteri,150 g,Fruktsjokolade Kirsebær,"kr 62,20",Sjokolade,"kr 414,67 per kg"
Snacks og godteri,150 g,Marsipansjokolade Hjerteformet,"kr 62,20",Sjokolade,"kr 414,67 per kg"
Snacks og godteri,120 g,Fruktsjokolade Eple & Kanel,"kr 62,20",Sjokolade,"kr 518,33 per kg"
Dyremat,"7 stk, 110 g",Dentastix Small,"kr 41,80",Hundemat,"kr 380,00 per kg"
Dyremat,"7 stk, 180 g",Dentastix Medium,"kr 47,80",Hundemat,"kr 265,56 per kg"
Dyremat,"7 stk, 270 g",Dentastix Large,"kr 59,90",Hundemat,"kr 221,85 per kg"
Dyremat,180 g,Jumbone Medium,"kr 32,60",Hundemat,"kr 181,11 per kg"
Dyremat,"2,2 kg",Junior Kylling & Ris,"kr 103,10",Hundemat,"kr 46,86 per kg"
Dyremat,2 kg,Small Dog Kyll & Ris,"kr 101,70",Hundemat,"kr 50,85 per kg"
Dyremat,3 kg,Oksekjøtt,"kr 115,90",Hundemat,"kr 38,63 per kg"
Dyremat,"Purina One, 1,5 kg",My Dog Is Active,"kr 90,70",Hundemat,"kr 60,47 per kg"
Dyremat,4 kg,Hundefôr Liten,"kr 187,00",Hundemat,"kr 46,75 per kg"
Dyremat,"1,5 kg",Hundefôr Valp,"kr 78,10",Hundemat,"kr 52,07 per kg"
Olje og krydder,250 ml,Fresh Extra Virgin Olivenolje,"kr 103,00",Oljer og eddik,"kr 412,00 per l"
Olje og krydder,"Sicilia IGP, 250 ml",Extra Vergine di Oliva,"kr 79,40",Oljer og eddik,"kr 317,60 per l"
Olje og krydder,1 l,Olivenolje,"kr 37,90",Oljer og eddik,"kr 37,90 per l"
Olje og krydder,"0,5 l",Oleaurum Olivenolje,"kr 91,50",Oljer og eddik,"kr 183,00 per l"
Olje og krydder,"Spicy, 250 ml",Olivenolje til Pizza,"kr 103,90",Oljer og eddik,"kr 415,60 per l"
Olje og krydder,250 ml,Extra Virgin Olive Oil,"kr 103,00",Oljer og eddik,"kr 412,00 per l"
Hygieneartikler,"Økologisk, 14 stk","Tamponger med innføringshylse Super, Ikke Klorbleket","kr 54,90",Bind og tamponger,"kr 3,92 per stk"
Hygieneartikler,"Økologisk, 14 stk","Tamponger med Innføringshylse Superplus, Ikke Klorbleket","kr 54,90",Bind og tamponger,"kr 3,92 per stk"
Hygieneartikler,"Regular, 18 stk",Tampax Tampong Compak Pearl,"kr 35,80",Bind og tamponger,"kr 1,99 per stk"
Hygieneartikler,"Super, 18 stk",Tampax Tampong Compak Pearl,"kr 32,80",Bind og tamponger,"kr 1,82 per stk"
Hygieneartikler,16 stk,Tampong Normal,"kr 31,80",Bind og tamponger,"kr 1,99 per stk"
Hygieneartikler,16 stk,Tamponger Super,"kr 26,80",Bind og tamponger,"kr 1,68 per stk"
Hygieneartikler,"Normal 16stk, 16 stk",Pro Comfort,"kr 29,90",Bind og tamponger,"kr 1,87 per stk"
Hygieneartikler,16 stk,Pro Comfort Mini,"kr 21,20",Bind og tamponger,"kr 1,33 per stk"
Snacks og godteri,14 g,Extra Salty Licorice,"kr 16,30",Tyggis og pastiller,"kr 1164,29 per kg"
Snacks og godteri,14 g,Extra Strong Menthol,"kr 13,40",Tyggis og pastiller,"kr 957,14 per kg"
Snacks og godteri,"10 stk, 14 g",Tyggis Rene Tenner,"kr 17,10",Tyggis og pastiller,"kr 1221,43 per kg"
Snacks og godteri,14 g,Extra Eucalyptus,"kr 13,80",Tyggis og pastiller,"kr 985,71 per kg"
Snacks og godteri,14 g,Extra Superberries,"kr 14,40",Tyggis og pastiller,"kr 1028,57 per kg"
Snacks og godteri,"10 stk, 14 g",Tyggis Frisk Pust,"kr 17,10",Tyggis og pastiller,"kr 1221,43 per kg"
Snacks og godteri,"Sukkerfri, 14 g",Extra Spearmint,"kr 14,40",Tyggis og pastiller,"kr 1028,57 per kg"
Snacks og godteri,14 g,Extra Sweet Mint,"kr 14,40",Tyggis og pastiller,"kr 1028,57 per kg"
Snacks og godteri,14 g,Extra Pro White Spearmint,"kr 14,40",Tyggis og pastiller,"kr 1028,57 per kg"
Varme drikker,"Kapsler, 36 stk",Senseo Classic Medium,"kr 74,80",Kaffekapsler,"kr 2,08 per stk"
Varme drikker,"Kapsler, 36 stk",Senseo Strong Liten,"kr 72,60",Kaffekapsler,"kr 2,02 per stk"
Varme drikker,136 g,Tassimo Friele Frokostkaffe,"kr 71,70",Kaffekapsler,"kr 527,21 per kg"
Varme drikker,140 g,Tassimo Gevalia Original,"kr 71,70",Kaffekapsler,"kr 512,14 per kg"
Oster,"16% fett, 450 g",Synnøve Gulost Lett i Bit,"kr 68,50",Gulost,"kr 152,22 per kg"
Oster,150 g,Lettost 16% Skivet,"kr 24,40",Gulost,"kr 162,67 per kg"
Oster,270 g,Norsk Port Salut,,Gulost,"kr 177,19 per kg"
Oster,250 g,Norsk Alpeost,,Gulost,"kr 205,12 per kg"
Oster,170 g,Ridderost Skivet,,Gulost,"kr 173,18 per kg"
Oster,"Kittmodnet Ost 38%, 285 g",Ridderost,,Gulost,"kr 129,12 per kg"
Oster,380 g,Gräddost,"kr 53,80",Gulost,"kr 141,58 per kg"
Oster,100 g,Gräddost i Skiver,,Gulost,"kr 187,20 per kg"
"Melk, meieriprodukter og egg",135 g,Q Barneyoghurt Banan,"kr 14,80",Yoghurt,"kr 109,63 per kg"
"Melk, meieriprodukter og egg",135 g,Q Barneyoghurt Bringebær,"kr 14,80",Yoghurt,"kr 109,63 per kg"
"Melk, meieriprodukter og egg","Piano, 150 g",Rislunsj Med Jordbær,"kr 11,80",Yoghurt,"kr 78,67 per kg"
"Melk, meieriprodukter og egg","Piano, 150 g",Rislunsj med Bringebær & Blåbær,"kr 11,90",Yoghurt,"kr 79,33 per kg"
"Melk, meieriprodukter og egg","Piano, 150 g",Rislunsj Med Bringebær & Rips,"kr 11,90",Yoghurt,"kr 79,33 per kg"
"Melk, meieriprodukter og egg",150 g,Byggrynslunsj med Bringebær,"kr 16,70",Yoghurt,"kr 111,33 per kg"
"Melk, meieriprodukter og egg",150 g,Havrelunsj med Eple og Kanel,"kr 14,80",Yoghurt,"kr 98,67 per kg"
"Melk, meieriprodukter og egg",150 g,Byggrynslunsj med Blåbær,"kr 16,80",Yoghurt,"kr 112,00 per kg"
"Melk, meieriprodukter og egg",150 g,Byggrynslunsj med Jordbær,"kr 16,40",Yoghurt,"kr 109,33 per kg"
"Melk, meieriprodukter og egg","7,5 dl",TINE Kremfløte 38%,"kr 43,40",Fløte og rømmeprodukter,"kr 57,87 per l"
"Melk, meieriprodukter og egg",400 g,Laktosefri Mager Cottage Cheese,"kr 38,40",Fløte og rømmeprodukter,"kr 96,00 per kg"
"Melk, meieriprodukter og egg","10 %, 250 g",Økologisk Lettrømme,"kr 23,80",Fløte og rømmeprodukter,"kr 95,20 per kg"
"Melk, meieriprodukter og egg","Piskbar, 5 dl",Piano Pavlovakrem,"kr 36,90",Fløte og rømmeprodukter,"kr 73,80 per l"
Sminke og skjønnhet,1 stk,Fit Me Matte & Poreless Natural Beige Foundation,"kr 103,00",Foundation og pudder,"kr 103,00 per stk"
Sminke og skjønnhet,1 stk,Fit Me Matte & Poreless Natural Ivory Foundation,"kr 103,00",Foundation og pudder,"kr 103,00 per stk"
Sminke og skjønnhet,1 stk,Fit Me Matte & Poreless Porcelain Foundation,"kr 103,00",Foundation og pudder,"kr 103,00 per stk"
Sminke og skjønnhet,1 stk,Fit Me Matte & Poreless Warm Ivory Foundation,"kr 103,00",Foundation og pudder,"kr 103,00 per stk"
Sminke og skjønnhet,1 stk,Fit Me Matte & Poreless Ivory Powder,"kr 103,00",Foundation og pudder,"kr 103,00 per stk"
Sminke og skjønnhet,1 stk,Fit Me Matte & Poreless Porcelain Powder,"kr 103,00",Foundation og pudder,"kr 103,00 per stk"
Fisk og sjømat,,Crabsticks,"kr 11,80",Skalldyr,"kr 47,20 per kg"
Dyremat,80 g,Mealtime Luxuries,"kr 13,60",Kattemat,"kr 170,00 per kg"
Dyremat,85 g,Tunfiskpaté,"kr 9,40",Kattemat,"kr 110,59 per kg"
Dyremat,85 g,Gourmet Gold Oksekjøtt,"kr 10,10",Kattemat,"kr 118,82 per kg"
Dyremat,"Laks, 800 g",Purina One,"kr 64,40",Kattemat,"kr 80,50 per kg"
Dyremat,800 g,Purina One Adult,"kr 61,10",Kattemat,"kr 76,38 per kg"
Dyremat,60 g,Kylling & And Mix,"kr 26,40",Kattemat,"kr 440,00 per kg"
Dyremat,60 g,Kylling,"kr 19,60",Kattemat,"kr 326,67 per kg"
Olje og krydder,450 g,Hamburgerdressing,"kr 20,90",Dressing,"kr 46,44 per kg"
Olje og krydder,130 g,Peppes Originale Rømmedressing,"kr 25,80",Dressing,"kr 198,46 per kg"
Olje og krydder,300 g,Hamburgerdressing,"kr 31,10",Dressing,"kr 103,67 per kg"
Olje og krydder,300 g,Hvitløksdressing,"kr 28,00",Dressing,"kr 93,33 per kg"
Olje og krydder,300 g,Mango Curry dressing,"kr 36,30",Dressing,"kr 121,00 per kg"
Olje og krydder,"Med Rømme & Gressløk, 210 g",Peppes Pizzadressing,"kr 29,20",Dressing,"kr 139,05 per kg"
Olje og krydder,510 g,Hickory Barbecue Sauce,"kr 59,90",Dressing,"kr 117,45 per kg"
Olje og krydder,"Med Jod, 1 kg",Jozo Fint Salt,"kr 8,60",Krydder,"kr 8,60 per kg"
Olje og krydder,"Med kvern, 90 g",Seafood & Fish Premium,"kr 56,60",Krydder,"kr 628,89 per kg"
Olje og krydder,"Med kvern, 75 g",Chicken & Steak,"kr 62,40",Krydder,"kr 832,00 per kg"
Olje og krydder,"Med kvern, 70 g",Chili Explosion,"kr 58,70",Krydder,"kr 838,57 per kg"
Olje og krydder,"Hvitløk, Tomat, Pepper & Salt, 80 g",Pasta Rossa,"kr 61,40",Krydder,"kr 767,50 per kg"
Olje og krydder,"Med kvern, 70 g",Tellicherry pepper,"kr 58,70",Krydder,"kr 838,57 per kg"
Olje og krydder,23 g,Basilikum,"kr 52,10",Krydder,"kr 2265,22 per kg"
Olje og krydder,75 g,Chilikrydder,"kr 47,20",Krydder,"kr 629,33 per kg"
Olje og krydder,32 g,Dill Tørket,"kr 52,20",Krydder,"kr 1631,25 per kg"
Olje og krydder,5 g,Gressløk,"kr 33,70",Krydder,"kr 6740,00 per kg"
Snacks og godteri,53 g,45% Melk &  brunostsjokolade,"kr 74,90",Sjokolade,"kr 1413,21 per kg"
Snacks og godteri,53 g,Økologisk 50% Melk & Blåbærsjokolade,"kr 74,90",Sjokolade,"kr 1413,21 per kg"
Snacks og godteri,380 g,Sfinx Medium Konfekt,"kr 169,00",Sjokolade,"kr 444,74 per kg"
Snacks og godteri,"70% Mørk Sjokolade, 53 g",Økologisk Reinsdyrlav & Tyttebær,"kr 74,90",Sjokolade,"kr 1413,21 per kg"
Snacks og godteri,200 g,Belgian Harvest Milk,"kr 38,50",Sjokolade,"kr 192,50 per kg"
Snacks og godteri,100 g,Kokesjokolade 70%,"kr 31,20",Sjokolade,"kr 312,00 per kg"
Snacks og godteri,100 g,Kokesjokolade Selskap,"kr 27,80",Sjokolade,"kr 278,00 per kg"
Snacks og godteri,100 g,Lys Kokesjokolade,"kr 25,20",Sjokolade,"kr 252,00 per kg"
Dyremat,4 kg,Hundefôr Voksen,"kr 159,70",Hundemat,"kr 39,93 per kg"
Dyremat,9 kg,Hundefôr Voksen,"kr 287,60",Hundemat,"kr 31,96 per kg"
Dyremat,9 kg,Hundefôr Aktiv,"kr 329,10",Hundemat,"kr 36,57 per kg"
Dyremat,600 g,Classics Selection,"kr 53,10",Hundemat,"kr 88,50 per kg"
Dyremat,600 g,Country Special Selection,"kr 52,80",Hundemat,"kr 88,00 per kg"
Dyremat,"1,5 kg",Tørrfor Med Oksekjøtt,"kr 72,40",Hundemat,"kr 48,27 per kg"
Dyremat,500 g,Markies,"kr 32,80",Hundemat,"kr 65,60 per kg"
Dyremat,5 stk,Schmackos,"kr 17,10",Hundemat,"kr 475,00 per kg"
Olje og krydder,450 ml,Classico Extra Vergine di Oliva,"kr 74,00",Oljer og eddik,"kr 164,44 per l"
Olje og krydder,"Hvit Trøffel, 250 ml",Olivenolje,"kr 103,90",Oljer og eddik,"kr 415,60 per l"
Olje og krydder,500 ml,Region Sparta Extra Virgin Olive Oil,"kr 104,90",Oljer og eddik,"kr 209,80 per l"
Olje og krydder,"Økologisk, kaldpresset, 0,5 l",Olivenolje Spansk Extra Virgin,"kr 98,20",Oljer og eddik,"kr 196,40 per l"
Olje og krydder,"Sitron, 250 ml",Olivenolje,"kr 103,90",Oljer og eddik,"kr 415,60 per l"
Olje og krydder,"Hvitløk & Chili, 250 ml",Olivenolje,"kr 103,90",Oljer og eddik,"kr 415,60 per l"
Olje og krydder,750 ml,Raps- og Olivenolje,"kr 74,00",Oljer og eddik,"kr 98,67 per l"
Olje og krydder,"Baking, 450 ml",Rapsolje,"kr 91,20",Oljer og eddik,"kr 202,67 per l"
Olje og krydder,"Steking, 450 ml",Rapsolje,"kr 64,00",Oljer og eddik,"kr 142,22 per l"
Hygieneartikler,16 stk,Pro Comfort Super Plus,"kr 21,50",Bind og tamponger,"kr 1,34 per stk"
Hygieneartikler,16 stk,Pro Comfort Super,"kr 14,10",Bind og tamponger,"kr 0,88 per stk"
Hygieneartikler,"Truseinnlegg, 28 stk",Tena Lady Ultra Mini,"kr 47,60",Bind og tamponger,"kr 1,70 per stk"
Hygieneartikler,16 stk,Normal Bind,"kr 24,20",Bind og tamponger,"kr 1,51 per stk"
Hygieneartikler,"2pk, 28 stk",Bind Normal Wing,"kr 42,40",Bind og tamponger,"kr 1,51 per stk"
Hygieneartikler,50 stk,Truseinnlegg Classic,"kr 36,90",Bind og tamponger,"kr 0,74 per stk"
Hygieneartikler,20 stk,Tena Discreet Mini,"kr 46,80",Bind og tamponger,"kr 2,34 per stk"
Hygieneartikler,12 stk,Libresse V-care Intimservietter,"kr 14,90",Bind og tamponger,"kr 1,24 per stk"
Snacks og godteri,35 g,Hubba Bubba Original,"kr 16,40",Tyggis og pastiller,"kr 468,57 per kg"
Snacks og godteri,24 g,Dent Trio,"kr 16,40",Tyggis og pastiller,"kr 683,33 per kg"
Snacks og godteri,24 g,Dent Eukalyptus,"kr 15,40",Tyggis og pastiller,"kr 641,67 per kg"
Snacks og godteri,24 g,Salt Lakris,"kr 16,80",Tyggis og pastiller,"kr 700,00 per kg"
Snacks og godteri,25 g,Dent Crush Lakris,"kr 23,50",Tyggis og pastiller,"kr 940,00 per kg"
Snacks og godteri,25 g,Dent Crush Bringebær,"kr 22,20",Tyggis og pastiller,"kr 888,00 per kg"
Snacks og godteri,25 g,Crush Fersken,"kr 24,00",Tyggis og pastiller,"kr 960,00 per kg"
Snacks og godteri,25 g,Läkerol Classic Salvi,"kr 13,60",Tyggis og pastiller,"kr 544,00 per kg"
Oster,300 g,Balsfjord,,Gulost,"kr 209,07 per kg"
Oster,200 g,Cheddar,"kr 49,90",Gulost,"kr 249,50 per kg"
Oster,450 g,Västerbottensost,,Gulost,"kr 241,11 per kg"
Oster,"Økologisk, 250 g",Vesterhavsost,"kr 67,80",Gulost,"kr 271,20 per kg"
Oster,450 g,Luftig Gulost,"kr 62,50",Gulost,"kr 138,89 per kg"
Oster,150 g,Luftig Gulost Skivet,"kr 26,50",Gulost,"kr 176,67 per kg"
Oster,450 g,Fyldig Gouda 29%,"kr 62,50",Gulost,"kr 138,89 per kg"
Oster,150 g,Fyldig Gouda Skivet 29%,"kr 26,50",Gulost,"kr 176,67 per kg"
"Melk, meieriprodukter og egg","Med Jordbær & Lime, 150 g",Byggrynslunsj UTEN,"kr 17,60",Yoghurt,"kr 117,33 per kg"
"Melk, meieriprodukter og egg","Med Eple & Pære, 150 g",Byggrynslunsj UTEN,"kr 17,60",Yoghurt,"kr 117,33 per kg"
"Melk, meieriprodukter og egg",150 g,Havrelunsj med Hagebær,"kr 18,60",Yoghurt,"kr 124,00 per kg"
"Melk, meieriprodukter og egg","Vaniljeyoghurt med Müsli, 195 g",Go' Morgen,"kr 13,70",Yoghurt,"kr 70,26 per kg"
"Melk, meieriprodukter og egg","Jordbær med 4-kornmüsli, 195 g",Go' Morgen,"kr 13,70",Yoghurt,"kr 70,26 per kg"
"Melk, meieriprodukter og egg","Mango- og banan med fruktmüsli, 195 g",Go' Morgen,"kr 13,70",Yoghurt,"kr 70,26 per kg"
"Melk, meieriprodukter og egg","Melon- og pasjonsfrukt med 4-kornmüsli, 195 g",Go' Morgen,"kr 13,70",Yoghurt,"kr 70,26 per kg"
"Melk, meieriprodukter og egg","Skogsbæryoghurt med 4-kornmüsli, 195 g",Go' Morgen,"kr 12,90",Yoghurt,"kr 66,15 per kg"
Sminke og skjønnhet,1 stk,Fit Me Matte & Poreless Transparent Powder,"kr 103,00",Foundation og pudder,"kr 103,00 per stk"
Sminke og skjønnhet,1 stk,Infallible Primer Anti redness,"kr 155,00",Foundation og pudder,"kr 155,00 per stk"
Sminke og skjønnhet,1 stk,Infallible Primer Mattifying,"kr 155,00",Foundation og pudder,"kr 155,00 per stk"
Sminke og skjønnhet,1 stk,Infallible Primer Pore Refining,"kr 155,00",Foundation og pudder,"kr 155,00 per stk"
Sminke og skjønnhet,1 stk,Back to Bronze Sunkiss,"kr 150,80",Foundation og pudder,"kr 150,80 per stk"
Sminke og skjønnhet,1 stk,Life’s a Peach Pudderblush,"kr 165,40",Foundation og pudder,"kr 165,40 per stk"
Sminke og skjønnhet,1 stk,True Match Concealer Beige,"kr 123,80",Foundation og pudder,"kr 123,80 per stk"
Dyremat,60 g,Laks,"kr 21,90",Kattemat,"kr 365,00 per kg"
Dyremat,"3 x 200ml, 600 ml",Catmilk,"kr 50,60",Kattemat,"kr 84,33 per l"
Dyremat,10 l,Ultra Catsan,"kr 184,90",Kattemat,"kr 18,49 per l"
Dyremat,10 l,Catsan Hygiene,"kr 104,90",Kattemat,"kr 10,49 per l"
Dyremat,5 kg,Kattesand Klumpe,"kr 66,10",Kattemat,"kr 13,22 per kg"
Dyremat,"Ikke klumpende, 4 kg",Kattesand,"kr 29,30",Kattemat,"kr 7,33 per kg"
Dyremat,415 g,Kattemat Fjærkre,"kr 11,60",Kattemat,"kr 27,95 per kg"
Dyremat,100 g,Kattemat Fjærkre,"kr 7,30",Kattemat,"kr 73,00 per kg"
Dyremat,2 kg,Kattemat Tørrfor,"kr 54,90",Kattemat,"kr 27,45 per kg"
Dyremat,1 stk,Katteleke 3-pack,"kr 49,90",Kattemat,"kr 49,90 per stk"
Olje og krydder,120 g,Grillkrydder,"kr 42,50",Krydder,"kr 354,17 per kg"
Olje og krydder,70 g,Gurkemeie,"kr 42,90",Krydder,"kr 612,86 per kg"
Olje og krydder,55 g,Garam Masala,"kr 24,00",Krydder,"kr 436,36 per kg"
Olje og krydder,87 g,Hvitløkpulver,"kr 36,10",Krydder,"kr 414,94 per kg"
Olje og krydder,67 g,Kanel Malt,"kr 24,00",Krydder,"kr 358,21 per kg"
Olje og krydder,65 g,Karri,"kr 47,90",Krydder,"kr 736,92 per kg"
Olje og krydder,46 g,Kardemomme,"kr 42,80",Krydder,"kr 930,43 per kg"
Olje og krydder,"Tørr, 62 g",Kajennepepper,"kr 40,10",Krydder,"kr 646,77 per kg"
Olje og krydder,101 g,Kyllingkrydder,"kr 30,40",Krydder,"kr 300,99 per kg"
Olje og krydder,86 g,Løkpulver,"kr 34,30",Krydder,"kr 398,84 per kg"
Snacks og godteri,200 g,Kokesjokolade Dronning,"kr 39,80",Sjokolade,"kr 199,00 per kg"
Snacks og godteri,"Kokesjokolade, 100 g",Dronning Sjokolade,"kr 21,80",Sjokolade,"kr 218,00 per kg"
Snacks og godteri,500 g,Gode Ønsker,"kr 159,00",Sjokolade,"kr 318,00 per kg"
Snacks og godteri,100 g,Hvit Sjokolade,"kr 31,40",Sjokolade,"kr 314,00 per kg"
Snacks og godteri,100 g,Kokesjokolade Mørk,"kr 18,50",Sjokolade,"kr 185,00 per kg"
Snacks og godteri,100 g,Kokesjokolade Lys,"kr 15,70",Sjokolade,"kr 157,00 per kg"
Snacks og godteri,200 g,After Eight,"kr 35,80",Sjokolade,"kr 179,00 per kg"
Snacks og godteri,200 g,Sjokoladetrøfler,"kr 51,90",Sjokolade,"kr 259,50 per kg"
Dyremat,140 g,Cheesy Bites,"kr 39,80",Hundemat,"kr 284,29 per kg"
Dyremat,70 g,Ranchos Kylling,"kr 42,60",Hundemat,"kr 608,57 per kg"
Dyremat,300 g,Okse & Lever,"kr 34,40",Hundemat,"kr 114,67 per kg"
Dyremat,100 g,Hundefisk,"kr 42,20",Hundemat,"kr 422,00 per kg"
Dyremat,3 stk,Griseører,"kr 42,20",Hundemat,"kr 14,07 per stk"
Dyremat,"7 x 12cm, 225 g",Bones 3 in 1 Rull,"kr 63,40",Hundemat,"kr 281,78 per kg"
Dyremat,"3 x 25cm, 125 g",Bones 3 in 1 Rull,"kr 57,10",Hundemat,"kr 456,80 per kg"
Olje og krydder,450 ml,Rapsolje Chili,"kr 92,10",Oljer og eddik,"kr 204,67 per l"
Olje og krydder,"Økologisk, 200 g",Kokosolje Smaksnøytral,"kr 70,30",Oljer og eddik,"kr 351,50 per kg"
Olje og krydder,"Økologisk, 250 ml",Linfrøolje,"kr 70,60",Oljer og eddik,"kr 282,40 per l"
Olje og krydder,250 ml,Hasselnøttolje,"kr 82,20",Oljer og eddik,"kr 328,80 per l"
Olje og krydder,495 ml,Optimal Olje,"kr 43,90",Oljer og eddik,"kr 88,69 per l"
Olje og krydder,1 l,Rapsolje,"kr 21,50",Oljer og eddik,"kr 21,50 per l"
Olje og krydder,1 l,Solsikkeolje,"kr 21,80",Oljer og eddik,"kr 21,80 per l"
Olje og krydder,1 l,Soyaolje,"kr 29,60",Oljer og eddik,"kr 29,60 per l"
Hygieneartikler,32 stk,Tamponger,"kr 10,30",Bind og tamponger,"kr 0,32 per stk"
Hygieneartikler,32 stk,Truseinnlegg,"kr 9,30",Bind og tamponger,"kr 0,29 per stk"
Hygieneartikler,12 stk,Bind Pure Sensitive Normal,"kr 31,90",Bind og tamponger,"kr 2,66 per stk"
Snacks og godteri,25 g,Läkerol Classic Seasalt,"kr 17,40",Tyggis og pastiller,"kr 696,00 per kg"
Snacks og godteri,25 g,Läkerol Classic Cactus,"kr 14,10",Tyggis og pastiller,"kr 564,00 per kg"
Snacks og godteri,170 g,Gul Kamfer,"kr 39,80",Tyggis og pastiller,"kr 234,12 per kg"
Snacks og godteri,26 g,Mynthon Original Tyggepastill,"kr 14,80",Tyggis og pastiller,"kr 569,23 per kg"
Snacks og godteri,30 g,YUP Salty Caramel Salmiak Mix,"kr 23,40",Tyggis og pastiller,"kr 780,00 per kg"
Snacks og godteri,30 g,YUP Sour Peach Strawberry Lime Mix,"kr 22,80",Tyggis og pastiller,"kr 760,00 per kg"
Oster,130 g,Taffel Tomatost Skiver,,Gulost,"kr 152,62 per kg"
Oster,400 g,Taffelost Tomat,"kr 54,80",Gulost,"kr 137,00 per kg"
Oster,125 g,Skivet Gräddost,"kr 25,80",Gulost,"kr 206,40 per kg"
Oster,125 g,Gouda Laktosefri Skivet 125,"kr 54,00",Gulost,"kr 432,00 per kg"
Oster,100 g,Mozzarella Ostestrenger,"kr 31,20",Gulost,"kr 312,00 per kg"
Oster,65 g,TINE Cheesepop Gouda,"kr 32,80",Gulost,"kr 32,80 per stk"
Oster,150 g,Tapas Party,"kr 66,10",Gulost,"kr 440,67 per kg"
Oster,"2 x 200g, 400 g",Gulost Skivet,"kr 44,30",Gulost,"kr 110,75 per kg"
Oster,"ca. 1,1 kg",Gulost,"kr 93,40",Gulost,"kr 84,91 per kg"
"Melk, meieriprodukter og egg","Vaniljeyoghurt med nøttemix, 195 g",Go' Morgen,"kr 13,80",Yoghurt,"kr 70,77 per kg"
"Melk, meieriprodukter og egg","Uten, 190 g",Go'morgen Bringebær,"kr 13,80",Yoghurt,"kr 72,63 per kg"
"Melk, meieriprodukter og egg","Mango, 190 g",Go'morgen Uten,"kr 16,90",Yoghurt,"kr 88,95 per kg"
"Melk, meieriprodukter og egg","Naturell med Crüsli, 195 g",Go'morgen Gresk,"kr 16,80",Yoghurt,"kr 86,15 per kg"
"Melk, meieriprodukter og egg","Uten, 190 g",Go'morgen Jordbær & Lime,"kr 13,80",Yoghurt,"kr 72,63 per kg"
"Melk, meieriprodukter og egg","Vanilje, 190 g",Go' Morgen Uten,"kr 13,80",Yoghurt,"kr 72,63 per kg"
"Melk, meieriprodukter og egg",450 g,Økologisk  Røros Yoghurt,"kr 31,80",Yoghurt,"kr 70,67 per kg"
"Melk, meieriprodukter og egg","Med Jordbær & Rabarbra, 470 g",Økologisk Røros Yoghurt,"kr 37,50",Yoghurt,"kr 79,79 per kg"
Sminke og skjønnhet,1 stk,True Match Concealer Creamy Beige,"kr 123,80",Foundation og pudder,"kr 123,80 per stk"
Sminke og skjønnhet,1 stk,True Match Concealer Ivory,"kr 123,80",Foundation og pudder,"kr 123,80 per stk"
Sminke og skjønnhet,1 stk,True Match Concealer Rose Vanilla,"kr 123,80",Foundation og pudder,"kr 123,80 per stk"
Sminke og skjønnhet,1 stk,True Match Powder Golden Beige,"kr 165,40",Foundation og pudder,"kr 165,40 per stk"
Sminke og skjønnhet,1 stk,True Match Powder Golden Sand,"kr 165,40",Foundation og pudder,"kr 165,40 per stk"
Sminke og skjønnhet,1 stk,True Match Powder Rose Beige,"kr 165,40",Foundation og pudder,"kr 165,40 per stk"
Sminke og skjønnhet,1 stk,True Match Powder Rose Ivory,"kr 165,40",Foundation og pudder,"kr 165,40 per stk"
Dyremat,1 stk,Klorematte,"kr 99,90",Kattemat,"kr 99,90 per stk"
Dyremat,70 g,Kyllingsnacks til Katt,"kr 21,00",Kattemat,"kr 300,00 per kg"
Dyremat,70 g,Laksesnacks Til Katt,"kr 21,00",Kattemat,"kr 300,00 per kg"
Dyremat,60 g,Latz Party Mix Seaside,"kr 23,60",Kattemat,"kr 393,33 per kg"
Dyremat,"4 pk, 340 g",Perle Gravy,"kr 36,40",Kattemat,"kr 107,06 per kg"
Olje og krydder,10 g,Oregano,"kr 25,10",Krydder,"kr 2510,00 per kg"
Olje og krydder,"Med Kvern, 65 g",Sort Pepper Hel,"kr 57,50",Krydder,"kr 884,62 per kg"
Olje og krydder,25 g,Pizzakrydder,"kr 40,50",Krydder,"kr 1620,00 per kg"
Olje og krydder,95 g,Sitronpepper,"kr 40,50",Krydder,"kr 426,32 per kg"
Olje og krydder,15 g,Persille Tørket,"kr 46,70",Krydder,"kr 3113,33 per kg"
Olje og krydder,21 g,Provencekrydder,"kr 47,90",Krydder,"kr 2280,95 per kg"
Olje og krydder,"Grovmalt, 68 g",Pepper Sort,"kr 23,50",Krydder,"kr 345,59 per kg"
Olje og krydder,135 g,Piffikrydder,"kr 34,80",Krydder,"kr 257,78 per kg"
Olje og krydder,65 g,Peppermix,"kr 33,10",Krydder,"kr 509,23 per kg"
Olje og krydder,"Hel, 82 g",Hvitløkpepper,"kr 33,10",Krydder,"kr 403,66 per kg"
Olje og krydder,"Malt, 62 g",Spisskummen,"kr 35,20",Krydder,"kr 567,74 per kg"
Snacks og godteri,140 g,Lakriskuler med Sjokolade,"kr 47,50",Sjokolade,"kr 339,29 per kg"
Snacks og godteri,140 g,Sjokoladekuler Lakris & Bringebær,"kr 47,50",Sjokolade,"kr 339,29 per kg"
Snacks og godteri,"3-pk, 60 g",Surprise Kinderegg,"kr 48,80",Sjokolade,"kr 813,33 per kg"
Snacks og godteri,"6x20g, 126 g",Kinder Maxi,"kr 42,10",Sjokolade,"kr 334,13 per kg"
Snacks og godteri,43 g,Kinder Bueno,"kr 19,80",Sjokolade,"kr 460,47 per kg"
Snacks og godteri,21 g,Kinder Maxi,"kr 11,80",Sjokolade,"kr 561,90 per kg"
Snacks og godteri,47 g,Kvikk Lunsj,"kr 11,60",Sjokolade,"kr 246,81 per kg"
Snacks og godteri,24 g,Kvikk Lunsj Mini,"kr 11,30",Sjokolade,"kr 470,83 per kg"
Snacks og godteri,38 g,Smarties Rør,"kr 11,40",Sjokolade,"kr 300,00 per kg"
Dyremat,100 g,Snacks med Kylling & And,"kr 31,60",Hundemat,"kr 316,00 per kg"
Dyremat,90 g,Purina Adventuros Strips,"kr 21,80",Hundemat,"kr 242,22 per kg"
Dyremat,5 kg,Bestevenn Hundemat,"kr 64,80",Hundemat,"kr 12,96 per kg"
Dyremat,300 g,Hundemat m/Okse,"kr 12,10",Hundemat,"kr 40,33 per kg"
Dyremat,"1,24 kg",Hundemat Oksekjøtt,"kr 15,80",Hundemat,"kr 12,74 per kg"
Dyremat,"Liten, 1 stk",Aktivitetsball for hund,"kr 49,90",Hundemat,"kr 49,90 per stk"
Dyremat,"Stor, 1 stk",Aktivitetsball for hund,"kr 69,90",Hundemat,"kr 69,90 per stk"
Dyremat,250 ml,Dyreshampo sensitive,"kr 69,90",Hundemat,"kr 279,60 per l"
Dyremat,1 stk,Hundeleke med sugekopp,"kr 69,90",Hundemat,"kr 69,90 per stk"
Dyremat,"2 liter, 1 stk",Hundematskål rustfri,"kr 69,90",Hundemat,"kr 69,90 per stk"
Dyremat,"Bio, 80 stk",Hundeposer Asaklitt,"kr 49,90",Hundemat,"kr 0,62 per stk"
Dyremat,70 g,Kyllingsnacks Til Hund,"kr 22,70",Hundemat,"kr 324,29 per kg"
Olje og krydder,2 l,Frityrolje,"kr 50,10",Oljer og eddik,"kr 25,05 per l"
Olje og krydder,250 ml,Emilio Aceto Balsamicoeddik,"kr 148,30",Oljer og eddik,"kr 593,20 per l"
Olje og krydder,"0,25 l",Balsamico Vineddik,"kr 41,10",Oljer og eddik,"kr 164,40 per l"
Olje og krydder,250 ml,Balsamico Cream,"kr 73,40",Oljer og eddik,"kr 293,60 per l"
Olje og krydder,250 ml,Hvitvinseddik,"kr 56,80",Oljer og eddik,"kr 227,20 per l"
Olje og krydder,250 ml,Bringebæreddik,"kr 81,90",Oljer og eddik,"kr 327,60 per l"
Olje og krydder,250 ml,Eplecidereddik,"kr 70,40",Oljer og eddik,"kr 281,60 per l"
Olje og krydder,250 ml,Rødvinseddik,"kr 63,40",Oljer og eddik,"kr 253,60 per l"
Oster,"Norskprodusert, 160 g",Cheddar Burgerost,,Gulost,"kr 179,50 per kg"
Oster,100 g,Apetinaterninger Med Soltørket Tomater,"kr 21,80",Gulost,"kr 218,00 per kg"
"Melk, meieriprodukter og egg","Med Tyttebær, 450 g",Økologisk Yoghurt,"kr 39,50",Yoghurt,"kr 87,78 per kg"
"Melk, meieriprodukter og egg","Med Vanilje & Honning, 470 g",Økologisk Røros Yoghurt,"kr 38,40",Yoghurt,"kr 81,70 per kg"
"Melk, meieriprodukter og egg",850 g,Yoghurt Naturell,,Yoghurt,"kr 24,28 per kg"
"Melk, meieriprodukter og egg",500 g,Yoghurt Vanilje,"kr 17,00",Yoghurt,"kr 34,00 per kg"
"Melk, meieriprodukter og egg","Med Granateple & Bringebær, 850 g",Yoghurt,,Yoghurt,"kr 42,16 per kg"
"Melk, meieriprodukter og egg",850 g,Yoghurt Vanilje,,Yoghurt,"kr 32,66 per kg"
"Melk, meieriprodukter og egg","Laktosefri, 500 g",Yoghurt,"kr 19,60",Yoghurt,"kr 39,20 per kg"
"Melk, meieriprodukter og egg",500 g,Yoghurt Naturell,"kr 15,90",Yoghurt,"kr 31,80 per kg"
"Melk, meieriprodukter og egg",500 g,Biola Yoghurt Mild Med Fiber,"kr 21,30",Yoghurt,"kr 42,60 per kg"
"Melk, meieriprodukter og egg",350 g,Gresk Yoghurt Vanilje,"kr 33,80",Yoghurt,"kr 96,57 per kg"
Sminke og skjønnhet,1 stk,True Match Powder Vanilla,"kr 165,40",Foundation og pudder,"kr 165,40 per stk"
Olje og krydder,150 g,Hvitløksalt,"kr 24,10",Krydder,"kr 160,67 per kg"
Olje og krydder,100 g,Tandoori Masala,"kr 48,10",Krydder,"kr 481,00 per kg"
Olje og krydder,83 g,Valmuefrø Blå,"kr 43,70",Krydder,"kr 526,51 per kg"
Olje og krydder,"Malt, 13 g",Allehånde,"kr 18,00",Krydder,"kr 1384,62 per kg"
Olje og krydder,"Malt, 15 g",Ingefær,"kr 12,10",Krydder,"kr 806,67 per kg"
Olje og krydder,20 g,Korianderfrø Malt,"kr 24,10",Krydder,"kr 1205,00 per kg"
Olje og krydder,"Malt, 17 g",Kanel,"kr 13,10",Krydder,"kr 770,59 per kg"
Olje og krydder,"Hel, 10 g",Kanel,"kr 12,10",Krydder,"kr 1210,00 per kg"
Olje og krydder,"Malt, 13 g",Kardemomme,"kr 15,70",Krydder,"kr 1207,69 per kg"
Snacks og godteri,74 g,Melkerull,"kr 20,70",Sjokolade,"kr 279,73 per kg"
Snacks og godteri,148 g,Melkerull 2pk,"kr 38,80",Sjokolade,"kr 262,16 per kg"
Snacks og godteri,80 g,Julemandler,"kr 34,90",Sjokolade,"kr 436,25 per kg"
Snacks og godteri,156 g,Smil 2pk,"kr 31,20",Sjokolade,"kr 200,00 per kg"
Snacks og godteri,67 g,Daimrull,"kr 23,70",Sjokolade,"kr 353,73 per kg"
Snacks og godteri,78 g,Center Rull Original,"kr 26,80",Sjokolade,"kr 343,59 per kg"
Snacks og godteri,66 g,Troika,"kr 19,40",Sjokolade,"kr 293,94 per kg"
Dyremat,"4 x 100g, 400 g",Pedigree Vital Kylling og Grønnsaker,"kr 24,80",Hundemat,"kr 62,00 per kg"
Dyremat,"10 cm, 3 stk",Tyggebein Kylling,"kr 34,80",Hundemat,"kr 11,60 per stk"
Olje og krydder,250 ml,Sherryeddik,"kr 81,90",Oljer og eddik,"kr 327,60 per l"
Olje og krydder,250 ml,Estragoneddik,"kr 51,90",Oljer og eddik,"kr 207,60 per l"
Olje og krydder,150 ml,Riseddik,"kr 46,10",Oljer og eddik,"kr 307,33 per l"
Olje og krydder,"35% Klar, 500 ml",Eddikessens,"kr 41,10",Oljer og eddik,"kr 82,20 per l"
Olje og krydder,"7% Klar, 0,6 l",Eddik,"kr 24,60",Oljer og eddik,"kr 41,00 per l"
Olje og krydder,"7% Brun, 0,6 l",Eddik,"kr 25,10",Oljer og eddik,"kr 41,83 per l"
Olje og krydder,473 ml,Eplecider Eddik,"kr 72,80",Oljer og eddik,"kr 153,91 per l"
Olje og krydder,150 ml,Fish Sauce,"kr 34,60",Oljer og eddik,"kr 230,67 per l"
Olje og krydder,150 ml,Sesamolje,"kr 65,60",Oljer og eddik,"kr 437,33 per l"
"Melk, meieriprodukter og egg",500 g,Yoghurt Melon & Pasjon,"kr 19,90",Yoghurt,"kr 39,80 per kg"
"Melk, meieriprodukter og egg",500 g,Yoghurt Kirsebær,"kr 19,80",Yoghurt,"kr 39,60 per kg"
"Melk, meieriprodukter og egg",850 g,TINE Yoghurt Mango og Pasjon,,Yoghurt,"kr 32,75 per kg"
"Melk, meieriprodukter og egg",500 g,Yoghurt Skogsbær,"kr 18,10",Yoghurt,"kr 36,20 per kg"
"Melk, meieriprodukter og egg",500 g,Yoghurt Jordbær,"kr 18,20",Yoghurt,"kr 36,40 per kg"
"Melk, meieriprodukter og egg",420 g,TINE  Protein Yoghurt Vanilje,"kr 27,70",Yoghurt,"kr 65,95 per kg"
"Melk, meieriprodukter og egg",420 g,TINE Protein Yoghurt med Pasjonsfrukt,"kr 26,70",Yoghurt,"kr 63,57 per kg"
"Melk, meieriprodukter og egg",160 g,Skyr Bringebær & Pannacotta,"kr 18,80",Yoghurt,"kr 117,50 per kg"
"Melk, meieriprodukter og egg",160 g,Skyr Appelsin & Mango,"kr 16,80",Yoghurt,"kr 105,00 per kg"
Olje og krydder,20 g,Karve,"kr 15,10",Krydder,"kr 755,00 per kg"
Olje og krydder,"Hel, 2 g",Laurbærblad,"kr 12,70",Krydder,"kr 6350,00 per kg"
Olje og krydder,"Malt, 10 g",Muskatnøtt,"kr 13,10",Krydder,"kr 1310,00 per kg"
Olje og krydder,"Hel, 12 g",Muskatnøtt,"kr 16,00",Krydder,"kr 1333,33 per kg"
Olje og krydder,10 g,Nellik Malt,"kr 10,60",Krydder,"kr 1060,00 per kg"
Olje og krydder,21 g,Hel Sort Pepper,"kr 12,60",Krydder,"kr 600,00 per kg"
Olje og krydder,13 g,Sort Pepper Malt,"kr 11,80",Krydder,"kr 907,69 per kg"
Snacks og godteri,56 g,Daim Dobbel,"kr 19,80",Sjokolade,"kr 353,57 per kg"
Snacks og godteri,28 g,Daim Mini,"kr 13,50",Sjokolade,"kr 482,14 per kg"
Snacks og godteri,75 g,Snickers 2 Pack,"kr 20,80",Sjokolade,"kr 277,33 per kg"
Snacks og godteri,82 g,Japp Duo,"kr 20,80",Sjokolade,"kr 253,66 per kg"
Snacks og godteri,30 g,Japp Mini,"kr 13,50",Sjokolade,"kr 450,00 per kg"
Snacks og godteri,37 g,Japp Peanøtt Karamell,"kr 17,80",Sjokolade,"kr 481,08 per kg"
Snacks og godteri,50 g,Gullbrød,"kr 21,40",Sjokolade,"kr 428,00 per kg"
Snacks og godteri,42 g,Stratos Bar,"kr 17,60",Sjokolade,"kr 419,05 per kg"
Snacks og godteri,37 g,Stratos Salty Caramel Bar,"kr 22,40",Sjokolade,"kr 605,41 per kg"
Snacks og godteri,48 g,Hobby Stor,"kr 19,60",Sjokolade,"kr 408,33 per kg"
Snacks og godteri,45 g,New Energy,"kr 15,80",Sjokolade,"kr 351,11 per kg"
Olje og krydder,150 ml,Sushi Su,"kr 39,60",Oljer og eddik,"kr 264,00 per l"
Olje og krydder,150 ml,Saitaku riseddik,"kr 36,40",Oljer og eddik,"kr 242,67 per l"
Olje og krydder,250 ml,Realemon Sitronsaft,"kr 32,80",Oljer og eddik,"kr 131,20 per l"
Olje og krydder,200 ml,Sitronjuice,"kr 11,30",Oljer og eddik,"kr 56,50 per l"
Olje og krydder,"Usukret, 115 ml",Sitronsaft,"kr 13,40",Oljer og eddik,"kr 116,52 per l"
Olje og krydder,"0,45 l",Rapsolje Naturell,"kr 87,00",Oljer og eddik,"kr 193,33 per l"
"Melk, meieriprodukter og egg",160 g,Skyr Blåbær & Vanilje,"kr 16,80",Yoghurt,"kr 105,00 per kg"
"Melk, meieriprodukter og egg",160 g,Skyr Jordbær & Lime,"kr 18,80",Yoghurt,"kr 117,50 per kg"
"Melk, meieriprodukter og egg",127 g,Tine Yoghurt Nyt Lakris,"kr 17,60",Yoghurt,"kr 138,58 per kg"
"Melk, meieriprodukter og egg","Sjokolade og sjokocrisp, 122 g",Piano Duo Yoghurt,"kr 12,90",Yoghurt,"kr 105,74 per kg"
"Melk, meieriprodukter og egg",119 g,Piano Duo Yoghurt og Nøttetoffee,"kr 13,80",Yoghurt,"kr 115,97 per kg"
"Melk, meieriprodukter og egg",160 g,Gresk Yoghurt Pekan & Honning,"kr 27,80",Yoghurt,"kr 173,75 per kg"
Olje og krydder,"Malt, 13 g",Hvit Pepper,"kr 13,10",Krydder,"kr 1007,69 per kg"
Olje og krydder,6 g,Timian Hel,"kr 14,10",Krydder,"kr 2350,00 per kg"
Olje og krydder,3 g,Vaniljestang,"kr 48,10",Krydder,"kr 16033,33 per kg"
Olje og krydder,100 g,Kapers,"kr 29,10",Krydder,"kr 291,00 per kg"
Olje og krydder,"Non Pareilles, 100 g",Paradiso Kapers,"kr 31,10",Krydder,"kr 311,00 per kg"
Olje og krydder,130 g,Pommes Frites Krydder,"kr 35,80",Krydder,"kr 275,38 per kg"
Olje og krydder,43 g,Wasabi Paste,"kr 56,80",Krydder,"kr 1320,93 per kg"
Snacks og godteri,75 g,Twix Xtra Twin,"kr 20,40",Sjokolade,"kr 272,00 per kg"
Snacks og godteri,60 g,Lion King Size,"kr 16,40",Sjokolade,"kr 273,33 per kg"
Snacks og godteri,60 g,Melkesjokolade,"kr 21,80",Sjokolade,"kr 363,33 per kg"
Snacks og godteri,24 g,Melkesjokolade Eventyr,"kr 10,80",Sjokolade,"kr 450,00 per kg"
Snacks og godteri,60 g,Firkløver,"kr 23,40",Sjokolade,"kr 390,00 per kg"
Snacks og godteri,24 g,Firkløver Mini,"kr 12,80",Sjokolade,"kr 533,33 per kg"
Snacks og godteri,60 g,Toppris,"kr 19,80",Sjokolade,"kr 330,00 per kg"
Snacks og godteri,30 g,Toppris Mini,"kr 13,50",Sjokolade,"kr 450,00 per kg"
Olje og krydder,300 g,Grillkrydder,"kr 35,70",Krydder,"kr 119,00 per kg"
Blomster og planter,"20-40 cm høy. 12 cm potte, 1 stk",Zamioculas,"kr 79,90",Grønne planter,"kr 79,90 per stk"
Blomster og planter,"30-40cm høy, 1 stk",Bambus Monica,"kr 79,90",Grønne planter,"kr 79,90 per stk"
Undertøy og strømper,"Str. 37-40, 2 par",Comfy Cotton Sokker,"kr 100,60",Sokker,"kr 50,30 per par"
Undertøy og strømper,"Str. 41-45, 2 par",Comfy Cotton Sokker,"kr 104,90",Sokker,"kr 52,45 per par"
Undertøy og strømper,"Black, Str. 37-40, 5 par",Basic Socks,"kr 74,80",Sokker,"kr 14,96 per par"
Undertøy og strømper,"Black, Str. 41-45, 5 par",Basic Socks,"kr 73,40",Sokker,"kr 14,68 per par"
Undertøy og strømper,"Black, str. 37-40, 5 par",Sokker Low Cut,"kr 84,70",Sokker,"kr 16,94 per par"
Undertøy og strømper,"Black, str. 41-45, 5 par",Sokker Low Cut,"kr 84,70",Sokker,"kr 16,94 per par"
Undertøy og strømper,"White, str. 41-45, 5 par",Sokker Low Cut,"kr 84,70",Sokker,"kr 16,94 per par"
Undertøy og strømper,"Black, str. 37-40, 2 par",Wool Low Cut Sokker,"kr 104,90",Sokker,"kr 52,45 per par"
Undertøy og strømper,"Black, str. 41-45, 2 par",Wool Low Cut Sokker,"kr 104,90",Sokker,"kr 52,45 per par"
Undertøy og strømper,"White, str. 41-45, 2 par",Wool Low Cut Sokker,"kr 104,90",Sokker,"kr 52,45 per par"
Undertøy og strømper,"Lilac stripes, str. 29-32, 1 par",Thin Wool Sokker Barn,"kr 83,70",Sokker,"kr 83,70 per par"
Undertøy og strømper,"Lilac strips, str. 33-36, 1 par",Thin Wool Sokker Barn,"kr 83,70",Sokker,"kr 83,70 per par"
Undertøy og strømper,"Navy, str. 33-36, 1 par",Thin Wool Sokker Barn,"kr 83,70",Sokker,"kr 83,70 per par"
Undertøy og strømper,"Stripe, str. 98-104, 2 stk",Cotton Boxer Kids Boy,"kr 83,70",Undertøy,"kr 41,85 per stk"
Undertøy og strømper,"Stripe, str. 110-116, 2 stk",Cotton Boxer Kids Boy,"kr 83,70",Undertøy,"kr 41,85 per stk"
Undertøy og strømper,"Stripe, str. 122-128, 2 stk",Cotton Boxer Kids Boy,"kr 83,70",Undertøy,"kr 41,85 per stk"
Undertøy og strømper,"Stripe, str. 98-104, 2 stk",Cotton Boxer Kids Girl,"kr 83,70",Undertøy,"kr 41,85 per stk"
Undertøy og strømper,"Stripe, str. 110-116, 2 stk",Cotton Boxer Kids Girl,"kr 83,70",Undertøy,"kr 41,85 per stk"
Undertøy og strømper,"Black, str. M, 1 stk",Gots Boxer Men,"kr 158,90",Undertøy,"kr 158,90 per stk"
Blomster og planter,"45 cm, 8 stk",Alstromeria Hvit,"kr 62,30",Snittblomster,"kr 7,79 per stk"
Undertøy og strømper,"Black, str. 40-44, 1 stk",Comfy Tights 80 DEN,"kr 104,90",Strømpebukser,"kr 104,90 per stk"
Undertøy og strømper,"Black, str. L, 1 stk",Gots Boxer Men,"kr 158,90",Undertøy,"kr 158,90 per stk"
Undertøy og strømper,"Black, str. XL, 1 stk",Gots Boxer Men,"kr 158,90",Undertøy,"kr 158,90 per stk"
Undertøy og strømper,"Black, str. M, 1 stk",Sports Boxer Men,"kr 200,40",Undertøy,"kr 200,40 per stk"
Undertøy og strømper,"Black, str. L, 1 stk",Sports Boxer Men,"kr 200,40",Undertøy,"kr 200,40 per stk"
Undertøy og strømper,"Black, str. XL, 1 stk",Sports Boxer Men,"kr 200,40",Undertøy,"kr 200,40 per stk"
Undertøy og strømper,"White, str. S, 1 stk",Cotton Boxer,"kr 96,30",Undertøy,"kr 96,30 per stk"
Undertøy og strømper,"Black, str. XL, 1 stk",Cotton Boxer,"kr 118,90",Undertøy,"kr 118,90 per stk"
Blomster og planter,"50cm, 1 stk",Høst-bukett,"kr 169,00",Snittblomster,"kr 169,00 per stk"
Blomster og planter,"45 cm, 3 stk",Liljer Hvit,"kr 84,90",Snittblomster,"kr 28,30 per stk"
Blomster og planter,"Lederløv, Eucalyptus og Brudeslør (45 cm), 1 stk",Grøntmix Bukett,"kr 62,30",Snittblomster,"kr 62,30 per stk"
Blomster og planter,"50cm, 1 stk",Ruscus,"kr 59,90",Snittblomster,"kr 59,90 per stk"
Blomster og planter,"45 cm, 6 stk",Krysantemum Mix,"kr 84,90",Snittblomster,"kr 14,15 per stk"
Undertøy og strømper,"Black, str. 36-40, 2 stk",Basic Tights 40 DEN,"kr 94,30",Strømpebukser,"kr 47,15 per stk"
Undertøy og strømper,"Black, str. 44-48, 2 stk",Basic Tights 40 DEN,"kr 94,30",Strømpebukser,"kr 47,15 per stk"
Undertøy og strømper,"Black, Str. 36-40, 1 stk",Hold In 20 DEN,"kr 98,90",Strømpebukser,"kr 98,90 per stk"
Undertøy og strømper,"Black, Str. 40-44, 1 stk",Hold In 20 DEN,"kr 98,90",Strømpebukser,"kr 98,90 per stk"
Undertøy og strømper,"Black, Str. 44-48, 1 stk",Hold In 20 DEN,"kr 98,90",Strømpebukser,"kr 98,90 per stk"
Undertøy og strømper,"Powder, str. 36-40, 1 stk",Hold In 20 DEN,"kr 94,30",Strømpebukser,"kr 94,30 per stk"
Undertøy og strømper,"Black, str. S, 1 stk",Invisible Micro Hipster Truse,"kr 126,20",Undertøy,"kr 126,20 per stk"
Undertøy og strømper,"Black, str. L, 1 stk",Invisible Micro Hipster Truse,"kr 126,20",Undertøy,"kr 126,20 per stk"
Undertøy og strømper,"Black, str. S, 1 stk",Micro High Waist Invisible Truse,"kr 136,80",Undertøy,"kr 136,80 per stk"
Undertøy og strømper,"Black, str. M, 1 stk",Micro High Waist Invisible Truse,"kr 136,80",Undertøy,"kr 136,80 per stk"
Undertøy og strømper,"Black, str. L, 1 stk",Micro High Waist Invisible Truse,"kr 136,80",Undertøy,"kr 136,80 per stk"
Undertøy og strømper,"Burgundy, str. S, 1 stk",Sports Bra,"kr 317,10",Undertøy,"kr 317,10 per stk"
Pizza og taco,"Med Fullkorn, 550 g",Fersk Pizzabunn,"kr 27,70",Hjemmelaget pizza,"kr 50,36 per kg"
Undertøy og strømper,"Powder, str. 40-44, 1 stk",Hold In 20 DEN,"kr 94,30",Strømpebukser,"kr 94,30 per stk"
Undertøy og strømper,"Powder, str. 44-48, 1 stk",Hold In 20 DEN,"kr 94,30",Strømpebukser,"kr 94,30 per stk"
Pizza og taco,260 g,Glutenfri Bunn,"kr 51,80",Hjemmelaget pizza,"kr 199,23 per kg"
Pizza og taco,550 g,Pizzabunn Familie,"kr 20,00",Hjemmelaget pizza,"kr 36,36 per kg"
Pizza og taco,"Firkantet 2-3 Pers, 400 g",Peppes Pizzabunn Italiensk,"kr 40,30",Hjemmelaget pizza,"kr 100,75 per kg"
Pizza og taco,550 g,Peppes Originale Pizzabunn,"kr 40,30",Hjemmelaget pizza,"kr 73,27 per kg"
Pizza og taco,350 g,Glutenfri Pizzabunn Lettstekt,"kr 43,10",Hjemmelaget pizza,"kr 123,14 per kg"
Pizza og taco,300 g,Pizzabunn Glutenfri,"kr 47,40",Hjemmelaget pizza,"kr 158,00 per kg"
Pizza og taco,250 g,Revet Ost 4 Oster,"kr 47,70",Hjemmelaget pizza,"kr 190,80 per kg"
Pizza og taco,370 g,Pizzabunn Familiepakke,"kr 26,50",Hjemmelaget pizza,"kr 71,62 per kg"
Pizza og taco,"Tipo-00, 1 kg",Hvetemel,"kr 37,30",Hjemmelaget pizza,"kr 37,30 per kg"
Pizza og taco,"Tipo-0, 1 kg",Pizzamel,"kr 27,80",Hjemmelaget pizza,"kr 27,80 per kg"
Pizza og taco,"5 poser, 1 stk",Pizzagjær,"kr 24,60",Hjemmelaget pizza,"kr 24,60 per stk"
Pizza og taco,225 g,Chorizo Sarta,"kr 54,30",Hjemmelaget pizza,"kr 241,33 per kg"
Pizza og taco,80 g,Chorizo Topping,"kr 20,00",Hjemmelaget pizza,"kr 250,00 per kg"
Pizza og taco,"Taste Lab, 80 g",Pepperoni Topping,"kr 20,00",Hjemmelaget pizza,"kr 250,00 per kg"
Pizza og taco,130 g,Pepperoni Skivet,"kr 42,70",Hjemmelaget pizza,"kr 328,46 per kg"
Pizza og taco,100 g,Pepperoni,"kr 32,80",Hjemmelaget pizza,"kr 328,00 per kg"
Pizza og taco,80 g,Bacon Topping,"kr 20,00",Hjemmelaget pizza,"kr 250,00 per kg"
Pizza og taco,80 g,Smårettskinke Topping,"kr 20,00",Hjemmelaget pizza,"kr 250,00 per kg"
Pizza og taco,150 g,Spekeskinke Smårett,"kr 17,70",Hjemmelaget pizza,"kr 118,00 per kg"
Pizza og taco,120 g,Peppes Originale Kjøttboller,"kr 30,10",Hjemmelaget pizza,"kr 250,83 per kg"
Pizza og taco,130 g,Spicy Kjøttboller Topping,"kr 20,00",Hjemmelaget pizza,"kr 153,85 per kg"
Pizza og taco,200 g,Jarlsberg Revet,"kr 31,70",Hjemmelaget pizza,"kr 158,50 per kg"
Pizza og taco,450 g,Revet Økonomiblanding,"kr 50,00",Hjemmelaget pizza,"kr 111,11 per kg"
Pizza og taco,400 g,Pizza Sauce,"kr 17,90",Hjemmelaget pizza,"kr 44,75 per kg"
Pizza og taco,290 g,Pizzasaus,"kr 20,80",Hjemmelaget pizza,"kr 71,72 per kg"
Pizza og taco,500 g,Pizzasaus,"kr 19,70",Hjemmelaget pizza,"kr 39,40 per kg"
Pizza og taco,300 g,Pizzasaus,"kr 36,40",Hjemmelaget pizza,"kr 121,33 per kg"
Pizza og taco,200 g,Pizzasaus GK,"kr 14,70",Hjemmelaget pizza,"kr 73,50 per kg"
Pizza og taco,180 g,Pizzasaus Original,"kr 17,40",Hjemmelaget pizza,"kr 96,67 per kg"
Pizza og taco,180 g,Pizzasaus Bianca,"kr 15,00",Hjemmelaget pizza,"kr 83,33 per kg"
Pizza og taco,"Taste Lab, 200 g",Pizzasaus,"kr 10,00",Hjemmelaget pizza,"kr 50,00 per kg"
Pizza og taco,200 g,Pizzasaus Intenso,"kr 10,00",Hjemmelaget pizza,"kr 50,00 per kg"
Pizza og taco,58 g,Pizzafyll Tomat & Urter,"kr 15,80",Hjemmelaget pizza,"kr 272,41 per kg"
Pizza og taco,60 g,Pizzafyll Mexicana,"kr 19,80",Hjemmelaget pizza,"kr 330,00 per kg"
Pizza og taco,52 g,Pizzafyll m/Tomat og Løk,"kr 19,00",Hjemmelaget pizza,"kr 365,38 per kg"
Pizza og taco,125 g,Peppes Rømme & Sweet Chili,"kr 27,90",Hjemmelaget pizza,"kr 223,20 per kg"
Pizza og taco,280 g,Pizza Topping,"kr 34,20",Hjemmelaget pizza,"kr 122,14 per kg"
Pizza og taco,380 g,Pizzadressing,"kr 24,00",Hjemmelaget pizza,"kr 63,16 per kg"
Pizza og taco,130 g,Peppes Originale Rømmedressing,"kr 25,80",Hjemmelaget pizza,"kr 198,46 per kg"
Pizza og taco,25 g,Pizzakrydder,"kr 40,50",Hjemmelaget pizza,"kr 1620,00 per kg"
Pizza og taco,1 stk,Pizzahjul,"kr 35,60",Hjemmelaget pizza,"kr 35,60 per stk"
Pizza og taco,70 g,Peppes Pepperoni,"kr 21,60",Hjemmelaget pizza,"kr 308,57 per kg"
Pizza og taco,400 g,Pizzasaus,"kr 18,80",Hjemmelaget pizza,"kr 47,00 per kg"
Pizza og taco,140 g,Peppes Hvit Pizzasaus,"kr 29,90",Hjemmelaget pizza,"kr 213,57 per kg"
Pizza og taco,"Rund Halvstekt 30 cm, 3 stk",Pizzabunn Surdeig,,Hjemmelaget pizza,"kr 96,35 per kg"
Pizza og taco,70 g,Salami Ventricina Picante,"kr 59,20",Hjemmelaget pizza,"kr 845,71 per kg"
Pizza og taco,80 g,Chorizo,"kr 31,20",Hjemmelaget pizza,"kr 390,00 per kg"
Pizza og taco,"6 stk, 390 g",Mini Pizzabunn,"kr 43,60",Hjemmelaget pizza,"kr 111,79 per kg"
Pizza og taco,"Med Rømme & Gressløk, 210 g",Peppes Pizzadressing,"kr 29,20",Hjemmelaget pizza,"kr 139,05 per kg"
Pizza og taco,500 g,Pizzatopping og Gulost,"kr 39,20",Hjemmelaget pizza,"kr 78,40 per kg"
Pizza og taco,"Spicy, 250 ml",Olivenolje til Pizza,"kr 103,90",Hjemmelaget pizza,"kr 415,60 per l"
Pizza og taco,"Spicy, 450 g",Pizza og Kebabdressing,"kr 40,10",Hjemmelaget pizza,"kr 89,11 per kg"
Pizza og taco,"Glutenfri, 0,3 kg",Pizzabunn,"kr 32,80",Hjemmelaget pizza,"kr 109,33 per kg"
Pizza og taco,"Økologisk, 25 g",Pizzakrydder,"kr 42,20",Hjemmelaget pizza,"kr 1688,00 per kg"
Pizza og taco,60 g,Peppes Original Pizzasaus,"kr 13,40",Hjemmelaget pizza,"kr 223,33 per kg"
Pizza og taco,"Salami, 130 g",Siliana Topping,"kr 31,20",Hjemmelaget pizza,"kr 240,00 per kg"
Pizza og taco,340 g,Tynn Bunn Mozzarella,"kr 48,90",Fryst pizza,"kr 143,82 per kg"
Pizza og taco,305 g,Tynn Bunn Pepperoni,"kr 50,80",Fryst pizza,"kr 166,56 per kg"
Pizza og taco,575 g,Grandiosa Original Pizza,"kr 47,90",Fryst pizza,"kr 83,30 per kg"
Pizza og taco,530 g,Grandiosa Spesial Pepperoni Pizza,"kr 61,10",Fryst pizza,"kr 115,28 per kg"
Pizza og taco,528 g,Grandiosa Mandagspizza,"kr 62,40",Fryst pizza,"kr 118,18 per kg"
Pizza og taco,520 g,Grandiosa Kjøttdeig&løk Pizza,"kr 65,80",Fryst pizza,"kr 126,54 per kg"
Pizza og taco,585 g,Big One Mexican Pizza,"kr 89,00",Fryst pizza,"kr 152,14 per kg"
Pizza og taco,590 g,Big One Pepperoni Pizza,"kr 77,80",Fryst pizza,"kr 131,86 per kg"
Pizza og taco,570 g,Big One Classic Pizza,"kr 52,60",Fryst pizza,"kr 92,28 per kg"
Pizza og taco,530 g,Big One Cheese Pizza,"kr 77,80",Fryst pizza,"kr 146,79 per kg"
Pizza og taco,555 g,Big One Meat Lover Pizza,"kr 84,90",Fryst pizza,"kr 152,97 per kg"
Pizza og taco,810 g,Big One Giants Mighty Meat,"kr 114,90",Fryst pizza,"kr 141,85 per kg"
Pizza og taco,400 g,La Mia Grande Prosciutto e Formaggi,"kr 69,90",Fryst pizza,"kr 174,75 per kg"
Pizza og taco,400 g,La Mia Grande 4 Formaggi,"kr 69,90",Fryst pizza,"kr 174,75 per kg"
Pizza og taco,380 g,La Mia Grande Salame Piccante,"kr 67,90",Fryst pizza,"kr 178,68 per kg"
Pizza og taco,"2pk, 670 g",Ristorante Mozzarella,"kr 76,40",Fryst pizza,"kr 114,03 per kg"
Pizza og taco,320 g,Ristorante Pepperoni Salame,"kr 55,80",Fryst pizza,"kr 174,38 per kg"
Pizza og taco,"2pk, 660 g",Ristorante Speciale,"kr 85,10",Fryst pizza,"kr 128,94 per kg"
Pizza og taco,355 g,Ristorante Pizza Pollo,"kr 43,80",Fryst pizza,"kr 123,38 per kg"
Pizza og taco,355 g,Ristorante Hawaii,"kr 56,80",Fryst pizza,"kr 160,00 per kg"
Pizza og taco,390 g,Ristorante Spinaci,"kr 55,80",Fryst pizza,"kr 143,08 per kg"
Pizza og taco,330 g,Ristorante Prosciutto,"kr 54,80",Fryst pizza,"kr 166,06 per kg"
Pizza og taco,360 g,Pizza Ristorante Salame Mozzarella Pesto,"kr 47,50",Fryst pizza,"kr 131,94 per kg"
Pizza og taco,385 g,Ristorante Vegetale,"kr 55,80",Fryst pizza,"kr 144,94 per kg"
Pizza og taco,375 g,Ristorante Bolognese,"kr 45,20",Fryst pizza,"kr 120,53 per kg"
Pizza og taco,370 g,Pizza Ristorante Diavola,"kr 54,40",Fryst pizza,"kr 147,03 per kg"
Pizza og taco,"Glutenfri, 345 g",Ristorante Prosciutto,"kr 50,80",Fryst pizza,"kr 147,25 per kg"
Pizza og taco,"Glutenfri, 370 g",Ristorante Mozzarella,"kr 49,80",Fryst pizza,"kr 134,59 per kg"
Pizza og taco,"Glutenfri, 315 g",Ristorante Salame,"kr 54,80",Fryst pizza,"kr 173,97 per kg"
Pizza og taco,555 g,Pizza Rustica 4 Cheese,"kr 81,90",Fryst pizza,"kr 147,57 per kg"
Pizza og taco,540 g,Pizza Rustica Pepperoni,"kr 80,00",Fryst pizza,"kr 148,15 per kg"
Pizza og taco,"Ham & Cheese, 545 g",Rustica Pizza,"kr 84,70",Fryst pizza,"kr 155,41 per kg"
Pizza og taco,"Double Pepperoni, 656 g",Rustica Pizza,"kr 83,50",Fryst pizza,"kr 127,29 per kg"
Pizza og taco,345 g,Tradizionale Diavola,"kr 57,80",Fryst pizza,"kr 167,54 per kg"
Pizza og taco,375 g,Tradizionale Pancetta Delicata,"kr 64,40",Fryst pizza,"kr 171,73 per kg"
Pizza og taco,370 g,Tradizionale Mozzarella,"kr 49,40",Fryst pizza,"kr 133,51 per kg"
Pizza og taco,405 g,Casa di Mama Trio di Carne,"kr 52,40",Fryst pizza,"kr 129,38 per kg"
Pizza og taco,410 g,Casa di Mama Quattro Formaggi,"kr 56,00",Fryst pizza,"kr 136,59 per kg"
Pizza og taco,"Skinke,Pepperoni & Kjøttboller, 545 g",Peppes Triple Meat,"kr 64,80",Fryst pizza,"kr 118,90 per kg"
Pizza og taco,525 g,Peppes Pizza Farmer's Meat Skinke & Bacon,"kr 64,80",Fryst pizza,"kr 123,43 per kg"
Pizza og taco,385 g,Peppes Italian 4 Cheeses,"kr 65,60",Fryst pizza,"kr 170,39 per kg"
Pizza og taco,430 g,"Peppes Italian Ham, Mozzarella & Pesto","kr 69,90",Fryst pizza,"kr 162,56 per kg"
Pizza og taco,810 g,Big One Giants Cheddar & Beef Pizza,"kr 101,70",Fryst pizza,"kr 125,56 per kg"
Pizza og taco,540 g,Grandiosa Take Away Meat Supreme,"kr 86,90",Fryst pizza,"kr 160,93 per kg"
Pizza og taco,547 g,Grandiosa Taco Fiesta Pizza,"kr 64,80",Fryst pizza,"kr 118,46 per kg"
Pizza og taco,1000 g,Grandiosa Vår Hjemmelagde med Kjøttdeig Pizza,"kr 96,90",Fryst pizza,"kr 96,90 per kg"
Pizza og taco,590 g,Grandiosa Glutenfri Pizza,"kr 74,90",Fryst pizza,"kr 126,95 per kg"
Pizza og taco,515 g,Grandiosa Nybakt Skinke Pizza,"kr 65,90",Fryst pizza,"kr 127,96 per kg"
Pizza og taco,389 g,Salami & Sausage Pizza,"kr 54,90",Fryst pizza,"kr 141,13 per kg"
Pizza og taco,"Thin & Crispy, 320 g",Dobbel Pepperoni Pizza,"kr 32,90",Fryst pizza,"kr 102,81 per kg"
Pizza og taco,"Thin & Crispy, 300 g",Fire Oster Pizza,"kr 32,90",Fryst pizza,"kr 109,67 per kg"
Pizza og taco,"Thin & Crispy, 327 g",Ost og Skinke Pizza,"kr 39,90",Fryst pizza,"kr 122,02 per kg"
Pizza og taco,"Ostefylt Skorpe, 453 g",Cheese Feast,"kr 64,90",Fryst pizza,"kr 143,27 per kg"
Pizza og taco,"Ostefylt Skorpe, 475 g",Pizza BBQ Meat Feast,"kr 64,90",Fryst pizza,"kr 136,63 per kg"
Pizza og taco,645 g,Spicy Pepperoni Takeaway Pizza,"kr 97,90",Fryst pizza,"kr 151,78 per kg"
Pizza og taco,"Deep Pan, 365 g",Fire Oster Pizza,"kr 39,90",Fryst pizza,"kr 109,32 per kg"
Pizza og taco,"Deep Pan, 346 g",Dobbel Pepperoni Pizza,"kr 39,90",Fryst pizza,"kr 115,32 per kg"
Pizza og taco,"Deep Pan, 358 g",Meat Feast Pizza,"kr 39,90",Fryst pizza,"kr 111,45 per kg"
Pizza og taco,225 g,Hvitløk & Ost Pizzabrød,"kr 34,90",Fryst pizza,"kr 155,11 per kg"
Pizza og taco,435 g,Pizza Prosciutto,"kr 46,20",Fryst pizza,"kr 106,21 per kg"
Pizza og taco,"Glutenfri, 290 g",Goodly Pizza Margherita,"kr 54,00",Fryst pizza,"kr 186,21 per kg"
Pizza og taco,335 g,Pizza Pepperoni Glutenfri Goodly,"kr 49,90",Fryst pizza,"kr 148,96 per kg"
Pizza og taco,"7 stk, 420 g",Pizzasnurrer,"kr 39,00",Fryst pizza,"kr 92,86 per kg"
Snacks og godteri,150 g,Potetchips Med Brunost,"kr 42,90",Potetchips og snacks,"kr 286,00 per kg"
Snacks og godteri,150 g,Potetchips Salt Og Grønn Pepper,"kr 42,90",Potetchips og snacks,"kr 286,00 per kg"
Snacks og godteri,120 g,Maarud Julehjerter Paprika,"kr 32,90",Potetchips og snacks,"kr 274,17 per kg"
Snacks og godteri,240 g,Julegull Rifla Havsalt,"kr 39,90",Potetchips og snacks,"kr 166,25 per kg"
Snacks og godteri,250 g,Julegull Fyldig Løk,"kr 39,90",Potetchips og snacks,"kr 159,60 per kg"
Frukt og grønt,"Peru, 125 g",Blåbær i kurv,"kr 27,30",Bær,"kr 218,40 per kg"
Frukt og grønt,"Spania, 125 g",Bringebær,"kr 34,80",Bær,"kr 278,40 per kg"
Frukt og grønt,"Beger m/lokk, Peru, 225 g",Blåbær,"kr 47,50",Bær,"kr 211,11 per kg"
Frukt og grønt,"Mexico, 125 g",Bjørnebær,"kr 50,40",Bær,"kr 403,20 per kg"
Frukt og grønt,"Nederland, 125 g",Rips,"kr 34,80",Bær,"kr 278,40 per kg"
Frukt og grønt,"Belgia/ Nederland, Elsanta, 250 g",Jordbær,"kr 29,95",Bær,"kr 119,80 per kg"
Serveringsklare retter,200 ml,Rå Bær Smoothie,"kr 24,00",Smoothies og yoghurt,"kr 120,00 per l"
Serveringsklare retter,"Med Jordbær & Lime, 150 g",Byggrynslunsj UTEN,"kr 17,60",Smoothies og yoghurt,"kr 117,33 per kg"
Serveringsklare retter,"Med Eple & Pære, 150 g",Byggrynslunsj UTEN,"kr 17,60",Smoothies og yoghurt,"kr 117,33 per kg"
Serveringsklare retter,125 g,Skyr Mango og Pasjonsfrukt,"kr 18,80",Smoothies og yoghurt,"kr 150,40 per kg"
Serveringsklare retter,127 g,Tine Yoghurt Nyt Lakris,"kr 17,60",Smoothies og yoghurt,"kr 138,58 per kg"
Serveringsklare retter,160 g,Gresk Yoghurt Salted Caramel,"kr 28,00",Smoothies og yoghurt,"kr 175,00 per kg"
Serveringsklare retter,158 g,Synnøve Gresk Yoghurt Lemon Cheesecake,"kr 28,00",Smoothies og yoghurt,"kr 177,22 per kg"
Serveringsklare retter,158 g,"Yogrøt Med Mango, Fersken & Pekan","kr 29,90",Smoothies og yoghurt,"kr 189,24 per kg"
Frukt og grønt,"Egypt, 500 g",Søtpotet i Beger,"kr 15,00",Poteter,"kr 30,00 per kg"
Frukt og grønt,"Solist/ Folva/ Fakse, 2,5 kg",Nypoteter,"kr 51,90",Poteter,"kr 20,76 per kg"
Frukt og grønt,"Sør Afrika, ca. 500 g",Økologisk Søtpotet,"kr 62,30",Poteter,"kr 124,60 per kg"
Frukt og grønt,"Norge, 1 kg",Juno/Nansen,"kr 30,40",Poteter,"kr 30,40 per kg"
Frukt og grønt,"Fra Norge, 2,5 kg",Juno/Nansen,"kr 51,70",Poteter,"kr 20,68 per kg"
Frukt og grønt,"Norge, 2 kg",Mandelpoteter,"kr 54,90",Poteter,"kr 27,45 per kg"
Frukt og grønt,"Jazzy, Frankrike, 2,5 kg",Franske Gourmetpoteter,"kr 72,70",Poteter,"kr 29,08 per kg"
Frukt og grønt,"Frankrike, 1,5 kg",Potet Amandine,"kr 69,90",Poteter,"kr 46,60 per kg"
Frukt og grønt,"Hassel/Folva, Norge, 1,5 kg",Økologiske Poteter Uvasket,"kr 63,30",Poteter,"kr 42,20 per kg"
Frukt og grønt,"Danmark, 3 kg","Poteter uten Skall, Ferdig Kokt","kr 105,90",Poteter,"kr 35,30 per kg"
Frukt og grønt,"Colomba, Frankrike, 1 stk",Bakepotet,"kr 14,90",Poteter,"kr 39,73 per kg"
Frukt og grønt,"Vår laveste pris, Norge, 2,5 kg","Poteter, Usorterte","kr 36,40",Poteter,"kr 14,56 per kg"
Frukt og grønt,"Frankrike, 500 g",Blå Kongo Delikatessepoteter,"kr 36,30",Poteter,"kr 72,60 per kg"
Frukt og grønt,"Norge, 600 g",Ferdigkokte Mandelpoteter,"kr 39,90",Poteter,"kr 66,50 per kg"
Frukt og grønt,"Frankrike, 1 kg",Rattepoteter Petit,"kr 51,90",Poteter,"kr 51,90 per kg"
Frukt og grønt,"Uvasket, Solist/ Folva/ Fakse, 1 kg",Norske Nypoteter,"kr 32,90",Poteter,"kr 32,90 per kg"
Frukt og grønt,"Norge, 200 g",Blomkålris,"kr 26,90",Ferdigkuttet frukt og grønt,"kr 134,50 per kg"
Frukt og grønt,"Norge, 200 g",Brokkoliris,"kr 25,90",Ferdigkuttet frukt og grønt,"kr 129,50 per kg"
Frukt og grønt,"Ferdigkuttet, Spania/ Holland/ Norge, 250 g",Ratatouilleblanding,"kr 34,80",Ferdigkuttet frukt og grønt,"kr 139,20 per kg"
Frukt og grønt,"Kenya, 200 g",Brokkolini,"kr 45,60",Ferdigkuttet frukt og grønt,"kr 228,00 per kg"
Frukt og grønt,"Vasket, Norge, 150 g",Blomkålbuketter,"kr 30,60",Ferdigkuttet frukt og grønt,"kr 204,00 per kg"
Frukt og grønt,"Kenya, 150 g",Brokkolini Topper,"kr 44,10",Ferdigkuttet frukt og grønt,"kr 294,00 per kg"
Frukt og grønt,"Norge/ Marokko, 200 g",Stekemix med Aspargesbønner Gulrot & Løk,"kr 39,50",Ferdigkuttet frukt og grønt,"kr 197,50 per kg"
Frukt og grønt,"Vasket,Norge/ Spania, 150 g",Brokkolibuketter,"kr 29,00",Ferdigkuttet frukt og grønt,"kr 193,33 per kg"
Frukt og grønt,"Kenya, 200 g","Stekemix med Aspargesbrokkoli, Gulrot & Løk","kr 39,50",Ferdigkuttet frukt og grønt,"kr 197,50 per kg"
Frukt og grønt,"Norge, 180 g",Gulrot i Staver,"kr 23,20",Ferdigkuttet frukt og grønt,"kr 128,89 per kg"
Frukt og grønt,"Norge, 125 g",Spinat Vasket,"kr 17,90",Ferdigkuttet frukt og grønt,"kr 143,20 per kg"
Frukt og grønt,"Vasket, Norge, 175 g",Romano Mix,"kr 29,80",Ferdigkuttet frukt og grønt,"kr 170,29 per kg"
Frukt og grønt,"Vasket, Norge, 125 g",Grønnkål uten Stilk,"kr 24,20",Ferdigkuttet frukt og grønt,"kr 193,60 per kg"
Frukt og grønt,1 stk,Kyllingsalat,"kr 109,00",Ferdig kuttede salater,"kr 109,00 per stk"
Frukt og grønt,"Vasket, Norge, 175 g",Babyleafmiks,"kr 44,70",Ferdigkuttet frukt og grønt,"kr 255,43 per kg"
Frukt og grønt,"Vasket, Norge, 250 g",Grønnkål Miks,"kr 29,50",Ferdigkuttet frukt og grønt,"kr 118,00 per kg"
Frukt og grønt,"Vasket, Norge, 225 g",Råkostmiks,"kr 21,00",Ferdigkuttet frukt og grønt,"kr 93,33 per kg"
Frukt og grønt,"Vasket, Norge, 200 g",Gourmetsalat,"kr 38,50",Ferdigkuttet frukt og grønt,"kr 192,50 per kg"
Frukt og grønt,"Vasket, Norge, 250 g",Salatmix Isberg og Radiccio,"kr 27,50",Ferdigkuttet frukt og grønt,"kr 110,00 per kg"
Frukt og grønt,"Vasket, Norge, 200 g",Isbergmiks,"kr 21,90",Ferdigkuttet frukt og grønt,"kr 109,50 per kg"
Frukt og grønt,"Vasket, Norge, 150 g",Rød og Grønn salatmiks,"kr 40,50",Ferdigkuttet frukt og grønt,"kr 270,00 per kg"
Frukt og grønt,1 stk,Salat med Ost Og skinke,"kr 109,00",Ferdig kuttede salater,"kr 109,00 per stk"
Frukt og grønt,"Vasket, Norge, 175 g",Babyleafmiks,"kr 44,70",Ferdig kuttede salater,"kr 255,43 per kg"
Frukt og grønt,"Vasket, Norge, 200 g",Gourmetsalat,"kr 38,50",Ferdig kuttede salater,"kr 192,50 per kg"
Frukt og grønt,"Vasket, Norge, 250 g",Grønnkål Miks,"kr 29,50",Ferdig kuttede salater,"kr 118,00 per kg"
Frukt og grønt,"Vasket, Norge, 125 g",Grønnkål uten Stilk,"kr 24,20",Ferdig kuttede salater,"kr 193,60 per kg"
Frukt og grønt,"Vasket, Norge, 200 g",Isbergmiks,"kr 21,90",Ferdig kuttede salater,"kr 109,50 per kg"
Frukt og grønt,"Vasket, Norge/ Spania, 250 g",Pak Choi Wokmiks,"kr 31,60",Ferdig kuttede salater,"kr 126,40 per kg"
Frukt og grønt,"Vasket, Norge, 225 g",Råkostmiks,"kr 21,00",Ferdig kuttede salater,"kr 93,33 per kg"
Frukt og grønt,"Vasket, Norge, 150 g",Rød og Grønn salatmiks,"kr 40,50",Ferdig kuttede salater,"kr 270,00 per kg"
Frukt og grønt,"Vasket, Norge, 175 g",Romano Mix,"kr 29,80",Ferdig kuttede salater,"kr 170,29 per kg"
Frukt og grønt,"Vasket, Norge, 1 kg",Salatblanding LUX,"kr 94,30",Ferdig kuttede salater,"kr 94,30 per kg"
Frukt og grønt,"Vasket, Norge, 250 g",Salatmix Isberg og Radiccio,"kr 27,50",Ferdig kuttede salater,"kr 110,00 per kg"
Frukt og grønt,"Norge, 125 g",Spinat Vasket,"kr 17,90",Ferdig kuttede salater,"kr 143,20 per kg"
Frukt og grønt,"Vasket, Norge, 200 g",Svartkål Wokmiks,"kr 27,50",Ferdig kuttede salater,"kr 137,50 per kg"
Frukt og grønt,"Vasket,Norge, 250 g",Wokmiks Premium,"kr 29,50",Ferdig kuttede salater,"kr 118,00 per kg"
Frukt og grønt,"Vasket, Norge, 70 g",Ruccula,"kr 22,90",Ferdig kuttede salater,"kr 327,14 per kg"
Frukt og grønt,1 stk,Rekesalat,"kr 109,00",Ferdig kuttede salater,"kr 109,00 per stk"
"Melk, meieriprodukter og egg",165 g,Gresk Yoghurt Vanilje & Granola,"kr 26,80",Yoghurt,"kr 162,42 per kg"
"Melk, meieriprodukter og egg","Vanilje, 4x125g, 500 g",Yoplait 00%,"kr 25,60",Yoghurt,"kr 51,20 per kg"
"Melk, meieriprodukter og egg","Jordbær & Bringebær 4x125g, 500 g",Yoplait 00%,"kr 24,60",Yoghurt,"kr 49,20 per kg"
"Melk, meieriprodukter og egg","Kirsebær, 4x125g, 500 g",Yoplait 00%,"kr 26,90",Yoghurt,"kr 53,80 per kg"
"Melk, meieriprodukter og egg","Blåbær, 4x124g, 500 g",Yoplait 00%,"kr 24,20",Yoghurt,"kr 48,40 per kg"
"Melk, meieriprodukter og egg","Fersken&Pasjon, 4x125g, 500 g",Yoplait Double 0%,"kr 28,80",Yoghurt,"kr 57,60 per kg"
"Melk, meieriprodukter og egg","Skogsbær 4x125g, 500 g",Yoplait Double 00%,"kr 28,00",Yoghurt,"kr 56,00 per kg"
"Melk, meieriprodukter og egg","Jordbær, 4X125gr, 500 g",Yoplait Double 0%,"kr 27,80",Yoghurt,"kr 55,60 per kg"
"Melk, meieriprodukter og egg","4x150g, 600 g",Yoghurt Kokos,"kr 21,60",Yoghurt,"kr 36,00 per kg"
"Melk, meieriprodukter og egg","4x125g, 500 g",Yoghurt Blåbær & Bringebær,"kr 20,70",Yoghurt,"kr 41,40 per kg"
"Melk, meieriprodukter og egg","4x125gr, 500 g",TINE Jordbær Yoghurt Laktosefri,"kr 20,90",Yoghurt,"kr 41,80 per kg"
"Melk, meieriprodukter og egg","4x150g, 600 g",Yoghurt Sviske,"kr 18,80",Yoghurt,"kr 31,33 per kg"
"Melk, meieriprodukter og egg","4x150g, 600 g",Yoghurt Skogsbær,"kr 18,70",Yoghurt,"kr 31,17 per kg"
"Melk, meieriprodukter og egg","4x150g, 600 g",Yoghurt Melon,"kr 19,40",Yoghurt,"kr 32,33 per kg"
"Melk, meieriprodukter og egg","4x150g, 600 g",Yoghurt Vanilje,"kr 17,60",Yoghurt,"kr 29,33 per kg"
"Melk, meieriprodukter og egg","4x150g, 600 g",Yoghurt Jordbær,"kr 19,20",Yoghurt,"kr 32,00 per kg"
"Melk, meieriprodukter og egg",350 g,Yokos Vanilje,"kr 48,80",Yoghurt,"kr 139,43 per kg"
"Melk, meieriprodukter og egg",137 g,Yokos Vanilje med Granolatopping,"kr 31,10",Yoghurt,"kr 227,01 per kg"
"Melk, meieriprodukter og egg",130 g,Q Skyr Luftig Bringebær,"kr 18,80",Yoghurt,"kr 144,62 per kg"
"Melk, meieriprodukter og egg",130 g,Q Skyr Luftig Mango,"kr 18,80",Yoghurt,"kr 144,62 per kg"
"Melk, meieriprodukter og egg",130 g,Skyr Luftig Sitron,"kr 19,60",Yoghurt,"kr 150,77 per kg"
"Melk, meieriprodukter og egg","Økologisk, 125 g",Kogurt Med Mango og Pasjonsfrukt,"kr 21,60",Yoghurt,"kr 172,80 per kg"
"Melk, meieriprodukter og egg","Økologisk, 125 g",Kogurt Naturell,"kr 21,60",Yoghurt,"kr 172,80 per kg"
"Melk, meieriprodukter og egg","Økologisk, 125 g",Kogurt Med Vanilje,"kr 21,60",Yoghurt,"kr 172,80 per kg"
"Melk, meieriprodukter og egg","4x125gr, 500 g",Activia Jordbær,"kr 31,80",Yoghurt,"kr 63,60 per kg"
"Melk, meieriprodukter og egg","4x125g, 500 g",Activia Korn,"kr 31,20",Yoghurt,"kr 62,40 per kg"
"Melk, meieriprodukter og egg","4x125g, 500 g",Activia Blåbær,"kr 31,70",Yoghurt,"kr 63,40 per kg"
"Melk, meieriprodukter og egg","Blåbær 4x125g, 500 g",Soyayoghurt,"kr 30,90",Yoghurt,"kr 61,80 per kg"
"Melk, meieriprodukter og egg","Naturell Økologisk, 500 ml",Soyayoghurt Naturell,"kr 26,80",Yoghurt,"kr 53,60 per l"
"Melk, meieriprodukter og egg",150 g,Go On Pasjonsfrukt,"kr 19,80",Yoghurt,"kr 132,00 per kg"
"Melk, meieriprodukter og egg",400 g,Havresnacks Naturell,"kr 30,60",Yoghurt,"kr 76,50 per kg"
"Melk, meieriprodukter og egg",400 g,Havresnacks Skogsbær,"kr 28,50",Yoghurt,"kr 71,25 per kg"
"Melk, meieriprodukter og egg",400 g,Havresnacks Vanilje,"kr 28,50",Yoghurt,"kr 71,25 per kg"
"Melk, meieriprodukter og egg","2 stk, 250 g",Blåbær & Banan Havresnacks,"kr 24,20",Yoghurt,"kr 96,80 per kg"
"Melk, meieriprodukter og egg","2 stk, 250 g",Skogsbær Havresnacks,"kr 24,20",Yoghurt,"kr 96,80 per kg"
"Melk, meieriprodukter og egg","2 stk, 250 g",Jordbær & Banan Havresnacks,"kr 24,20",Yoghurt,"kr 96,80 per kg"
"Melk, meieriprodukter og egg",150 g,Go On Blåbær,"kr 23,50",Yoghurt,"kr 156,67 per kg"
"Melk, meieriprodukter og egg",150 g,Havresnacks Greek Style Aprikos,"kr 20,00",Yoghurt,"kr 133,33 per kg"
"Melk, meieriprodukter og egg",150 g,Havresnacks Greek Style Naturell,"kr 20,00",Yoghurt,"kr 133,33 per kg"
"Melk, meieriprodukter og egg",150 g,Havresnacks Greek Style Rabarbra & Jordbær,"kr 20,00",Yoghurt,"kr 133,33 per kg"
"Melk, meieriprodukter og egg",350 g,Gresk Yoghurt Med Honning,"kr 36,60",Yoghurt,"kr 104,57 per kg"
"Melk, meieriprodukter og egg",160 g,Gresk Yoghurt Salted Caramel,"kr 28,00",Yoghurt,"kr 175,00 per kg"
"Melk, meieriprodukter og egg",158 g,Synnøve Gresk Yoghurt Lemon Cheesecake,"kr 28,00",Yoghurt,"kr 177,22 per kg"
"Melk, meieriprodukter og egg",160 g,Skyr Sitron,"kr 19,90",Yoghurt,"kr 124,38 per kg"
"Melk, meieriprodukter og egg",135 g,Q Vanilje Barneyoghurt,"kr 15,90",Yoghurt,"kr 117,78 per kg"
"Melk, meieriprodukter og egg",130 g,Yoghurt Mousse Blåbær,"kr 18,90",Yoghurt,"kr 145,38 per kg"
"Melk, meieriprodukter og egg",130 g,Yoghurt Mousse Pasjonsfrukt,"kr 17,90",Yoghurt,"kr 137,69 per kg"
"Melk, meieriprodukter og egg",150 g,TINE Rislunsj Pasjonsfrukt,"kr 13,80",Yoghurt,"kr 92,00 per kg"
Frukt og grønt,"Spania/Peru, 2 stk",Økologisk Avokado,"kr 44,80",Økologisk frukt og grønt,"kr 172,31 per kg"
Frukt og grønt,"Norge, 2 stk",Hjertesalat,"kr 22,90",Salater og kål,"kr 11,45 per stk"
Frukt og grønt,"Holland/Norge, 200 g",Økologiske Cherrytomater,"kr 41,50",Økologisk frukt og grønt,"kr 207,50 per kg"
Frukt og grønt,"Holland, 225 g","Tomat, Økologisk, 2/3 pk","kr 34,00",Økologisk frukt og grønt,"kr 151,11 per kg"
Frukt og grønt,"Nederland, 500 g",Økologiske Klasetomater,"kr 56,00",Økologisk frukt og grønt,"kr 112,00 per kg"
Frukt og grønt,"Økologisk, Norge, 1 stk",Brokkoli,"kr 34,80",Økologisk frukt og grønt,"kr 34,80 per stk"
Frukt og grønt,"Norge, 750 g",Økologiske Gulrøtter,"kr 32,10",Økologisk frukt og grønt,"kr 42,80 per kg"
Frukt og grønt,"Norge, 1 stk",Økologisk Blomkål,"kr 42,80",Økologisk frukt og grønt,"kr 42,80 per stk"
Frukt og grønt,"Norge, 600 g",Økologisk Hodekål,"kr 40,50",Økologisk frukt og grønt,"kr 67,50 per kg"
Frukt og grønt,"Beger, Norge, 1 stk",Crispisalat,"kr 26,80",Salater og kål,"kr 26,80 per stk"
Frukt og grønt,"Vasket, Norge, 70 g",Ruccula,"kr 22,90",Salater og kål,"kr 327,14 per kg"
Frukt og grønt,"Norge, 100 g",Babyleaf Salatblanding,"kr 28,50",Salater og kål,"kr 285,00 per kg"
Frukt og grønt,"Norge, 75 g",Ruccola,"kr 19,60",Salater og kål,"kr 261,33 per kg"
Frukt og grønt,"Vasket, Norge, 175 g",Ruccola mix,"kr 31,10",Salater og kål,"kr 177,71 per kg"
Frukt og grønt,"Norge, 100 g",Salatblanding Premium,"kr 29,00",Salater og kål,"kr 290,00 per kg"
Frukt og grønt,"Norge, 250 g",Spinat Uvasket,"kr 22,80",Salater og kål,"kr 91,20 per kg"
Frukt og grønt,"Colombia/ Guatemala, 1 stk",Bananer,"kr 5,80",Frukt,"kr 26,36 per kg"
Frukt og grønt,"Økologisk, Norge, 1 stk",Kålrot,"kr 32,90",Økologisk frukt og grønt,"kr 34,63 per kg"
Frukt og grønt,"Spania/Holland, 1 stk",Økologisk Agurk,"kr 26,80",Økologisk frukt og grønt,"kr 26,80 per stk"
Frukt og grønt,"Spania/ Holland, 1 stk",Økologisk Rød Paprika,"kr 25,90",Økologisk frukt og grønt,"kr 207,20 per kg"
Frukt og grønt,"Max Havelaar, Ecuador, 4 stk",Økologiske Bananer,"kr 27,70",Økologisk frukt og grønt,"kr 31,84 per kg"
Frukt og grønt,"Italia/ Argentina, ca. 500 g","Økologisk Kiwi,  4-5 stk","kr 41,50",Økologisk frukt og grønt,"kr 83,00 per kg"
Frukt og grønt,"Brasil// Marokko, 250 g",Økologisk Lime 2/3 stk,"kr 46,70",Økologisk frukt og grønt,"kr 161,03 per kg"
Frukt og grønt,"Spania, 2 stk",Økologiske Sitroner,"kr 34,00",Økologisk frukt og grønt,"kr 154,55 per kg"
Frukt og grønt,"Costa Rica, 1 stk",Økologisk Ananas,"kr 54,90",Økologisk frukt og grønt,"kr 39,21 per kg"
Frukt og grønt,"Uvasket Norge/ Sverige, 100 g",Babyspinat,"kr 26,50",Salater og kål,"kr 265,00 per kg"
Frukt og grønt,"Norge/ Nederland, 1 stk",Feldsalat,"kr 30,10",Salater og kål,"kr 30,10 per stk"
Frukt og grønt,"Norge, 200 g",Grønnkål,"kr 31,00",Salater og kål,"kr 155,00 per kg"
Frukt og grønt,"Norge, 1 stk",Rapidsalat,"kr 23,10",Salater og kål,"kr 23,10 per stk"
Frukt og grønt,"Italia/ Nederland, 125 g",Mini Pak Choi,"kr 23,80",Salater og kål,"kr 190,40 per kg"
Frukt og grønt,"Norge, 1 stk",Romano Grønn,"kr 29,80",Salater og kål,"kr 29,80 per stk"
Frukt og grønt,"Norge, 1 stk",Hodesalat,"kr 31,10",Salater og kål,"kr 31,10 per stk"
Frukt og grønt,"Tyskland/ Norge, 1 stk",Trippelsalat,"kr 43,90",Salater og kål,"kr 43,90 per stk"
Frukt og grønt,"Max Havelaar, Ecuador, 4 stk",Økologiske Bananer,"kr 27,70",Frukt,"kr 31,84 per kg"
Frukt og grønt,"I kurv, Italia, 500 g",Rød/Gule Plommer October Sun,"kr 24,90",Frukt,"kr 49,80 per kg"
Frukt og grønt,"Kypros/ Egypt, 3 stk",Store Appelsiner,"kr 30,10",Frukt,"kr 37,63 per kg"
Frukt og grønt,"Spania/ Sør-Afrika, 1 kg",Økologiske Appelsiner,"kr 46,90",Frukt,"kr 46,90 per kg"
Frukt og grønt,"Med Blader, Spania, 900 g",Ekstra Saftige Klementiner,"kr 46,90",Frukt,"kr 52,11 per kg"
Frukt og grønt,"Spania, 500 g",Økologiske Klementiner,"kr 39,90",Frukt,"kr 79,80 per kg"
Frukt og grønt,"Spania/ Sør-Afrika, 1 kg",Økologiske Appelsiner,"kr 46,90",Økologisk frukt og grønt,"kr 46,90 per kg"
Frukt og grønt,"Spania, 500 g",Økologiske Klementiner,"kr 39,90",Økologisk frukt og grønt,"kr 79,80 per kg"
Frukt og grønt,"Økologisk, Norge, 500 g",Røde Epler Aroma/ Rubinstep 2-3 stk,"kr 34,20",Økologisk frukt og grønt,"kr 68,40 per kg"
Frukt og grønt,"3-4 stk Belgia/Frankrike, 500 g","Økologiske Pærer, Conference","kr 45,00",Økologisk frukt og grønt,"kr 90,00 per kg"
Frukt og grønt,"Hassel/Folva, Norge, 1,5 kg",Økologiske Poteter Uvasket,"kr 63,30",Økologisk frukt og grønt,"kr 42,20 per kg"
Frukt og grønt,"Sør Afrika, ca. 500 g",Økologisk Søtpotet,"kr 62,30",Økologisk frukt og grønt,"kr 124,60 per kg"
Frukt og grønt,"Spania, 3 stk",Økologisk Hvitløk,"kr 29,80",Økologisk frukt og grønt,"kr 198,67 per kg"
Frukt og grønt,"Norge, 500 g",Økologisk Gul Løk,"kr 24,80",Økologisk frukt og grønt,"kr 49,60 per kg"
Frukt og grønt,"Norge, 400 g",Salatblanding Premium Beger,"kr 45,00",Salater og kål,"kr 112,50 per kg"
Frukt og grønt,"Norge, 1 stk",Kinakål,"kr 28,80",Salater og kål,"kr 28,80 per stk"
Frukt og grønt,"Norge, 1 kg",Rødkål,"kr 38,80",Salater og kål,"kr 38,80 per kg"
Frukt og grønt,"Norge, 400 g",Spisskål,"kr 31,10",Salater og kål,"kr 77,75 per kg"
Frukt og grønt,"Norge, 1,5 kg",Hodekål,"kr 12,00",Salater og kål,"kr 8,00 per kg"
Frukt og grønt,"Norge, 1 stk",Batavia Grønn,"kr 39,40",Salater og kål,"kr 39,40 per stk"
Frukt og grønt,"Norge, 1 stk",Ekeblad Grønn,"kr 36,30",Salater og kål,"kr 36,30 per stk"
Frukt og grønt,"Norge, 1 stk",Ekeblad Rød,"kr 36,30",Salater og kål,"kr 36,30 per stk"
Frukt og grønt,"Norge, 1 stk",Frisesalat,"kr 39,50",Salater og kål,"kr 39,50 per stk"
Frukt og grønt,"Spania, 1 kg",Store Klementiner,"kr 49,90",Frukt,"kr 49,90 per kg"
Frukt og grønt,"Spania, 5 kg",Klementiner i Eske,"kr 169,00",Frukt,"kr 33,80 per kg"
Frukt og grønt,"Miks av frukt nå med norske epler, 4 kg",Fruktkurv,"kr 173,50",Frukt,"kr 43,38 per kg"
Frukt og grønt,"Miks av frukt nå med norske epler, 4,5 kg",Luksus Fruktkurv,"kr 290,20",Frukt,"kr 64,49 per kg"
Frukt og grønt,"Spisemoden, Brasil/Peru, 1 stk",Mango Stor,"kr 35,90",Frukt,"kr 85,48 per kg"
Frukt og grønt,"Spisemoden, Brasil/Peru, 2 stk",Mango,"kr 42,80",Frukt,"kr 50,95 per kg"
Frukt og grønt,"Norge, 500 g",Økologisk Rødløk,"kr 45,00",Økologisk frukt og grønt,"kr 90,00 per kg"
Frukt og grønt,"Norge, 250 g",Økologisk Squash,"kr 26,80",Økologisk frukt og grønt,"kr 107,20 per kg"
Frukt og grønt,"Norge, 1 stk",Økologisk Stangselleri,"kr 34,80",Økologisk frukt og grønt,"kr 34,80 per stk"
Frukt og grønt,"Norge, 1 stk",Økologisk Babyleaf Miks,"kr 41,50",Økologisk frukt og grønt,"kr 553,33 per kg"
Frukt og grønt,100 g,Økologiske Soltørkede Tomater,"kr 36,30",Økologisk frukt og grønt,"kr 363,00 per kg"
Frukt og grønt,"Peru, 100 g",Økologisk Ingefær,"kr 20,70",Økologisk frukt og grønt,"kr 207,00 per kg"
Frukt og grønt,"Norge, 50 g","Ruccula, Økologisk","kr 41,50",Økologisk frukt og grønt,"kr 830,00 per kg"
Olje og krydder,"Hel, 17 g",Anis,"kr 11,20",Krydder,"kr 658,82 per kg"
Frukt og grønt,"Norge/Danmark, 4,5 kg",Gresskar,"kr 79,00",Grønnsaker,"kr 17,56 per kg"
Frukt og grønt,"Norge, 1 stk",Lollosalat Grønn,"kr 36,30",Salater og kål,"kr 36,30 per stk"
Frukt og grønt,"Norge, 1 stk",Lollosalat Rød,"kr 36,30",Salater og kål,"kr 36,30 per stk"
Frukt og grønt,"Norge, 200 g",Brokkoliris,"kr 25,90",Salater og kål,"kr 129,50 per kg"
Frukt og grønt,"Norge, 200 g",Blomkålris,"kr 26,90",Salater og kål,"kr 134,50 per kg"
Frukt og grønt,"Italia, 300 g",Knutekål,"kr 23,10",Salater og kål,"kr 77,00 per kg"
Frukt og grønt,"Norge, 1 stk",Radicchio Rosso,"kr 34,90",Salater og kål,"kr 139,60 per kg"
Frukt og grønt,"Norge, 600 g",Økologisk Hodekål,"kr 40,50",Salater og kål,"kr 67,50 per kg"
Frukt og grønt,"Vasket, Norge, 500 g",Romano Grovkuttet,"kr 56,00",Salater og kål,"kr 112,00 per kg"
Frukt og grønt,"3-4 stk Belgia/Frankrike, 500 g","Økologiske Pærer, Conference","kr 45,00",Frukt,"kr 90,00 per kg"
Frukt og grønt,"Belgia, 4 pk, 4 stk","Store Pærer, Conference","kr 25,90",Frukt,"kr 43,17 per kg"
Frukt og grønt,"Norge, 5 stk",Pærer,"kr 46,90",Frukt,"kr 62,53 per kg"
Frukt og grønt,"Chile/ New Zealand, 6 stk",Pink Lady Epler,"kr 55,80",Frukt,"kr 65,65 per kg"
Frukt og grønt,"Norge, 6 stk",Aroma/Lobo Epler,"kr 44,90",Frukt,"kr 65,07 per kg"
Frukt og grønt,"Royal Gala Italia, ca. 750 g","Epler, røde, 4 pk","kr 38,00",Frukt,"kr 50,67 per kg"
Frukt og grønt,"Økologisk, Norge, 500 g",Røde Epler Aroma/ Rubinstep 2-3 stk,"kr 34,20",Frukt,"kr 68,40 per kg"
Frukt og grønt,"Royal Gala/ Italia, 950 g","Epler, Røde, 6 pk","kr 39,40",Frukt,"kr 41,47 per kg"
Olje og krydder,55 g,Madagaskar Pepperkorn,"kr 36,30",Krydder,"kr 660,00 per kg"
Olje og krydder,"Økologisk, 100 g",Allroundkrydder,"kr 52,80",Krydder,"kr 528,00 per kg"
Olje og krydder,"Økologisk, 10 g",Basilikum,"kr 31,60",Krydder,"kr 3160,00 per kg"
Olje og krydder,"Økologisk, 10 g",Bourbon Vaniljepulver,"kr 175,60",Krydder,"kr 17560,00 per kg"
Olje og krydder,"Økologisk, 18 g",Ceylon Kanel Malt,"kr 32,80",Krydder,"kr 1822,22 per kg"
Olje og krydder,"Økologisk, 23 g",Chiliflak,"kr 30,60",Krydder,"kr 1330,43 per kg"
Olje og krydder,"Økologisk, 95 g",Grillkrydder,"kr 52,80",Krydder,"kr 555,79 per kg"
Frukt og grønt,"Sverige, 200 g",Trompetsopp Gul/Rød,"kr 99,00",Grønnsaker,"kr 495,00 per kg"
Frukt og grønt,"Polen, 250 g",Aromasopp,"kr 27,80",Grønnsaker,"kr 111,20 per kg"
Frukt og grønt,"Norsk, 1 stk",Stor Agurk,"kr 27,40",Grønnsaker,"kr 27,40 per stk"
Frukt og grønt,"Beger, Norsk, 125 g",Miniagurk,"kr 28,50",Grønnsaker,"kr 228,00 per kg"
Frukt og grønt,"Vår Laveste Pris, Norge/Holland, 1 stk",Liten Agurk,"kr 19,90",Grønnsaker,"kr 19,90 per stk"
Frukt og grønt,"Peru/Spania, 1 stk",Avokado Stor Spisemoden,"kr 36,90",Grønnsaker,"kr 97,11 per kg"
Frukt og grønt,"ca 7 stk, Colombia/ Mexico",Avokado Snart Moden,"kr 76,00",Grønnsaker,"kr 76,00 per kg"
Frukt og grønt,"Norge, 400 g",Crispisalat,"kr 63,30",Salater og kål,"kr 158,25 per kg"
Frukt og grønt,"Norge, 1 stk",Økologisk Babyleaf Miks,"kr 41,50",Salater og kål,"kr 553,33 per kg"
Frukt og grønt,"Norge, 50 g","Ruccula, Økologisk","kr 41,50",Salater og kål,"kr 830,00 per kg"
Frukt og grønt,"Golden Delicious, Italia, 750 g","Epler gule, 4 pk","kr 30,70",Frukt,"kr 40,93 per kg"
Frukt og grønt,"Golden Delicious, Italia, 950 g","Epler, gule, 6 pk","kr 37,60",Frukt,"kr 39,58 per kg"
Frukt og grønt,"Granny Smith, Italia, 750 g","Epler, grønne, 4 pk","kr 30,60",Frukt,"kr 40,80 per kg"
Frukt og grønt,"Granny Smith, Italia, 950 g","Epler, Grønne, 6 pk","kr 33,20",Frukt,"kr 34,95 per kg"
Frukt og grønt,"Peru, 125 g",Blåbær i kurv,"kr 27,30",Frukt,"kr 218,40 per kg"
Frukt og grønt,"Beger m/lokk, Peru, 225 g",Blåbær,"kr 47,50",Frukt,"kr 211,11 per kg"
Olje og krydder,"Økologisk, 25 g",Gurkemeie,"kr 27,50",Krydder,"kr 1100,00 per kg"
Olje og krydder,"Økologisk, 180 g",Himalayasalt,"kr 33,40",Krydder,"kr 185,56 per kg"
Olje og krydder,"Økologisk, 23 g",Kardemomme,"kr 31,60",Krydder,"kr 1373,91 per kg"
Olje og krydder,"Økologisk, 15 g",Koriander,"kr 23,80",Krydder,"kr 1586,67 per kg"
Olje og krydder,"Økologisk, 6 g",Oregano,"kr 22,20",Krydder,"kr 3700,00 per kg"
Olje og krydder,"Økologisk, 28 g",Paprikakrydder Mild,"kr 28,60",Krydder,"kr 1021,43 per kg"
Olje og krydder,"Økologisk, 25 g",Pizzakrydder,"kr 42,20",Krydder,"kr 1688,00 per kg"
Olje og krydder,"Økologisk, 110 g",Potetkrydder,"kr 52,80",Krydder,"kr 480,00 per kg"
Frukt og grønt,"Colombia/Sør-Afrika, 2 stk",Avokado Spisemoden,"kr 34,90",Grønnsaker,"kr 116,33 per kg"
Frukt og grønt,"Spania/Peru, 2 stk",Økologisk Avokado,"kr 44,80",Grønnsaker,"kr 172,31 per kg"
Frukt og grønt,"Portugal, 165 g",Knaskerøtter,"kr 20,70",Grønnsaker,"kr 125,45 per kg"
Frukt og grønt,"Norge, 1 kg",Gulrøtter vasket,"kr 35,90",Grønnsaker,"kr 35,90 per kg"
Frukt og grønt,"Norge, 1 kg",Gulrot I Bunt,"kr 34,90",Grønnsaker,"kr 34,90 per kg"
Frukt og grønt,"Norge, 750 g",Økologiske Gulrøtter,"kr 32,10",Grønnsaker,"kr 42,80 per kg"
Frukt og grønt,"Pose, Norge, 150 g",Minigulrot,"kr 26,50",Grønnsaker,"kr 176,67 per kg"
Frukt og grønt,"Norge, 180 g",Gulrot i Staver,"kr 23,20",Grønnsaker,"kr 128,89 per kg"
Frukt og grønt,"Spania, 125 g",Bringebær,"kr 34,80",Frukt,"kr 278,40 per kg"
Frukt og grønt,"Belgia/ Nederland, Elsanta, 250 g",Jordbær,"kr 29,95",Frukt,"kr 119,80 per kg"
Frukt og grønt,"Kurv, Egypt, 500 g",Druer Grønne Stenfrie,"kr 35,90",Frukt,"kr 71,80 per kg"
Frukt og grønt,"Kurv, Spania, 500 g",Druer Røde Stenfrie,"kr 37,90",Frukt,"kr 75,80 per kg"
Frukt og grønt,"Brasil/Mexico, 3 stk",Store Lime,"kr 26,70",Frukt,"kr 95,36 per kg"
Frukt og grønt,"Brasil// Marokko, 250 g",Økologisk Lime 2/3 stk,"kr 46,70",Frukt,"kr 161,03 per kg"
Olje og krydder,"Økologisk, 6 g",Ramsløk,"kr 33,40",Krydder,"kr 5566,67 per kg"
Olje og krydder,"Økologisk, 18 g",Rosmarin,"kr 29,10",Krydder,"kr 1616,67 per kg"
Olje og krydder,"Økologisk, 80 g",Sitronpepper,"kr 63,40",Krydder,"kr 792,50 per kg"
Olje og krydder,"Økologisk, 30 g",Spisskummen,"kr 29,10",Krydder,"kr 970,00 per kg"
Olje og krydder,"Økologisk, 70 g",Sort Pepper Hel,"kr 56,10",Krydder,"kr 801,43 per kg"
Olje og krydder,"Økologisk, 70 g",Tacokrydder,"kr 46,10",Krydder,"kr 658,57 per kg"
Olje og krydder,"Økologisk, 10 g",Timian,"kr 31,60",Krydder,"kr 3160,00 per kg"
Olje og krydder,50 g,Chaat Masala,"kr 39,10",Krydder,"kr 782,00 per kg"
Frukt og grønt,"Norge, 200 g","Tomater, Piccolo","kr 47,10",Grønnsaker,"kr 235,50 per kg"
Frukt og grønt,"Norge, 175 g",Mini Plommetomat i Beger,"kr 31,10",Grønnsaker,"kr 177,71 per kg"
Frukt og grønt,"Norge, 400 g","Cherrytomater, klase","kr 72,30",Grønnsaker,"kr 180,75 per kg"
Frukt og grønt,"Holland/Norge, 200 g",Økologiske Cherrytomater,"kr 41,50",Grønnsaker,"kr 207,50 per kg"
Frukt og grønt,"Holland, 500 g",Plommetomat,"kr 53,00",Grønnsaker,"kr 106,00 per kg"
Frukt og grønt,"Nederland, 500 g",Økologiske Klasetomater,"kr 56,00",Grønnsaker,"kr 112,00 per kg"
Frukt og grønt,"Norge, 250 g","Cherrytomater, Gule","kr 50,40",Grønnsaker,"kr 201,60 per kg"
Frukt og grønt,"Holland, 225 g","Tomat, Økologisk, 2/3 pk","kr 34,00",Grønnsaker,"kr 151,11 per kg"
Frukt og grønt,"Chile/ New Zealand, 4 stk",Kiwi,"kr 11,60",Frukt,"kr 33,14 per kg"
Frukt og grønt,"Italia/ Argentina, ca. 500 g","Økologisk Kiwi,  4-5 stk","kr 41,50",Frukt,"kr 83,00 per kg"
Frukt og grønt,"New Zealand, 4 stk",Gul Kiwi,"kr 44,90",Frukt,"kr 132,06 per kg"
Frukt og grønt,"Sør Afrika, 1 stk",Grapefrukt,"kr 17,60",Frukt,"kr 58,67 per kg"
Frukt og grønt,"Spania, 100 g",Kumquat,"kr 34,00",Frukt,"kr 340,00 per kg"
Frukt og grønt,"Spania/ Sørafrika/ Uruguay, 400 g",Sitroner 2/3 stk,"kr 16,00",Frukt,"kr 42,11 per kg"
Olje og krydder,10 g,Bukkhornkløver,"kr 39,10",Krydder,"kr 3910,00 per kg"
Olje og krydder,40 g,Kardemommekapsler,"kr 39,10",Krydder,"kr 977,50 per kg"
Olje og krydder,65 g,Munnoppfrisker,"kr 39,10",Krydder,"kr 601,54 per kg"
Olje og krydder,20 g,Muskatblomme,"kr 39,10",Krydder,"kr 1955,00 per kg"
Olje og krydder,20 g,Spisskummen,"kr 39,10",Krydder,"kr 1955,00 per kg"
Olje og krydder,75 g,Sennepsfrø,"kr 39,10",Krydder,"kr 521,33 per kg"
Olje og krydder,55 g,Chilipulver,"kr 49,70",Krydder,"kr 903,64 per kg"
Olje og krydder,"Økologisk, 150 g",Tacokrydder,"kr 34,80",Krydder,"kr 232,00 per kg"
Frukt og grønt,"Norge/Holland, 500 g",Tomater i klase,"kr 22,40",Grønnsaker,"kr 44,80 per kg"
Frukt og grønt,"Norge, 250 g","Cherrytomater, Røde","kr 17,80",Grønnsaker,"kr 71,20 per kg"
Frukt og grønt,"2-3pk, Kina, 100 g",Hvitløk,"kr 14,40",Grønnsaker,"kr 144,00 per kg"
Frukt og grønt,"hele, Kina, 100 g",Kinesisk Hvitløk u/Fedd,"kr 19,80",Grønnsaker,"kr 198,00 per kg"
Frukt og grønt,"Spania, 3 stk",Økologisk Hvitløk,"kr 29,80",Grønnsaker,"kr 198,67 per kg"
Frukt og grønt,"Spania, 1 stk",Brokkoli,"kr 24,50",Grønnsaker,"kr 24,50 per stk"
Frukt og grønt,"Økologisk, Norge, 1 stk",Brokkoli,"kr 34,80",Grønnsaker,"kr 34,80 per stk"
Frukt og grønt,"Kenya, 200 g",Brokkolini,"kr 45,60",Grønnsaker,"kr 228,00 per kg"
Frukt og grønt,"Spania, 2 stk",Økologiske Sitroner,"kr 34,00",Frukt,"kr 154,55 per kg"
Frukt og grønt,"Brasil, 1 stk",Papaya Spisemoden,"kr 72,70",Frukt,"kr 186,41 per kg"
Frukt og grønt,"Spania, 3 kg",Vannmelon,"kr 74,20",Frukt,"kr 24,73 per kg"
Frukt og grønt,"Spania, 1 stk",Honningmelon,"kr 39,90",Frukt,"kr 26,60 per kg"
Frukt og grønt,"Spania, 1 stk",Melon Cantaloupe,"kr 40,10",Frukt,"kr 44,56 per kg"
Frukt og grønt,"Spania/ Brasil, 1 stk",Piel de Sapo Melon,"kr 49,90",Frukt,"kr 33,27 per kg"
Frukt og grønt,"Elfenbenkysten, 1 stk",Kokosnøtt,"kr 23,10",Frukt,"kr 46,20 per kg"
Olje og krydder,50 g,Sju Krydder,"kr 25,90",Krydder,"kr 518,00 per kg"
Olje og krydder,50 g,Sumac Malt,"kr 25,90",Krydder,"kr 518,00 per kg"
Olje og krydder,34 g,Juicy Chicken Provencale,"kr 16,90",Krydder,"kr 497,06 per kg"
Olje og krydder,20 g,Guacamole Spicemix,"kr 10,40",Krydder,"kr 520,00 per kg"
Olje og krydder,"Smoky BBQ, 30 g",Spice Mix Fajita,"kr 9,80",Krydder,"kr 326,67 per kg"
Olje og krydder,25 g,Taco Spice Mix,"kr 7,30",Krydder,"kr 292,00 per kg"
Olje og krydder,"Taste Lab, 30 g",Kryddermiks Kjøtt,"kr 5,50",Krydder,"kr 183,33 per kg"
Olje og krydder,40 g,Taco Spice Mix,"kr 10,30",Krydder,"kr 257,50 per kg"
Olje og krydder,40 g,Taco Spice Mix Mild,"kr 10,90",Krydder,"kr 272,50 per kg"
Frukt og grønt,"Kenya, 150 g",Brokkolini Topper,"kr 44,10",Grønnsaker,"kr 294,00 per kg"
Frukt og grønt,"Nederland, 1 stk",Blomkål,"kr 16,90",Grønnsaker,"kr 16,90 per stk"
Frukt og grønt,"Norge, 1 stk",Økologisk Blomkål,"kr 42,80",Grønnsaker,"kr 42,80 per stk"
Frukt og grønt,"Norge, 150 g",Vårløk i Bunt,"kr 28,80",Grønnsaker,"kr 192,00 per kg"
Frukt og grønt,"Norge, 1 stk",Purreløk,"kr 17,50",Grønnsaker,"kr 54,69 per kg"
Frukt og grønt,"I nett, Frankrike, 250 g",Sjalottløk,"kr 22,70",Grønnsaker,"kr 90,80 per kg"
Frukt og grønt,"Norge, 500 g",Økologisk Rødløk,"kr 45,00",Grønnsaker,"kr 90,00 per kg"
Frukt og grønt,"Costa Rica, 1 stk",Ananas Gold,"kr 34,80",Frukt,"kr 34,80 per kg"
Frukt og grønt,"Costa Rica, 1 stk",Økologisk Ananas,"kr 54,90",Frukt,"kr 39,21 per kg"
Frukt og grønt,"Colombia, 100 g",Physalis Kurv,"kr 34,00",Frukt,"kr 340,00 per kg"
Frukt og grønt,"Peru, 1 stk",Granateple,"kr 33,80",Frukt,"kr 169,00 per kg"
Frukt og grønt,"Brasil, 4 stk",Fiken,"kr 62,30",Frukt,"kr 249,20 per kg"
Frukt og grønt,"Colombia, 4 stk",Pasjonsfrukt,"kr 41,50",Frukt,"kr 180,43 per kg"
Frukt og grønt,5 kg,Bananer i Kasse,"kr 165,40",Frukt,"kr 33,08 per kg"
Frukt og grønt,"Vår Laveste Pris, Spania/ Kypros, 2 kg",Appelsiner i Nett,"kr 49,90",Frukt,"kr 24,95 per kg"
Olje og krydder,250 g,Kråkebolle Fint Flaksalt,"kr 69,90",Krydder,"kr 279,60 per kg"
Olje og krydder,"Furikake, 30 g",Nordisk Tang,"kr 79,10",Krydder,"kr 2636,67 per kg"
Olje og krydder,"Peru, 100 g",Økologisk Ingefær,"kr 20,70",Krydder,"kr 207,00 per kg"
Olje og krydder,40 g,Tørket Remmetang,"kr 99,00",Krydder,"kr 2475,00 per kg"
Olje og krydder,30 g,Tørket Sukkertang,"kr 99,00",Krydder,"kr 3300,00 per kg"
Olje og krydder,30 g,Tørket Vingetang,"kr 99,00",Krydder,"kr 3300,00 per kg"
Frukt og grønt,"Norge, 500 g",Rødløk Skivet,"kr 29,60",Grønnsaker,"kr 59,20 per kg"
Frukt og grønt,"2 stk  Norge, 375 g",Rødløk Strømpe,"kr 18,80",Grønnsaker,"kr 50,13 per kg"
Frukt og grønt,"2 stk, Norge, 500 g",Gul Løk,"kr 15,80",Grønnsaker,"kr 31,60 per kg"
Frukt og grønt,"Norge, 500 g",Økologisk Gul Løk,"kr 24,80",Grønnsaker,"kr 49,60 per kg"
Frukt og grønt,"Norge, 1 kg",Gul Løk Laveste Pris,"kr 14,60",Grønnsaker,"kr 14,60 per kg"
Frukt og grønt,"Norge, 4 stk",Gul Løk,"kr 19,80",Grønnsaker,"kr 31,43 per kg"
Frukt og grønt,"Holland, 1 stk",Squash Grønn,"kr 20,80",Grønnsaker,"kr 53,33 per kg"
Frukt og grønt,"Polen, 1,5 kg",Røde Epler i Pose,"kr 51,10",Frukt,"kr 34,07 per kg"
Frukt og grønt,"Vår Laveste Pris,Packham, Belgia, 1 kg",Små Pærer,"kr 38,80",Frukt,"kr 38,80 per kg"
Frukt og grønt,"Laveste Pris/ Hellas, 500 g",Små Grønne Druer,"kr 19,80",Frukt,"kr 39,60 per kg"
Frukt og grønt,ca. 1 kg Costa Rica,Små Bananer i Pose,"kr 17,90",Frukt,"kr 17,90 per kg"
Frukt og grønt,"Brasil/Mexico, 6 stk",Små Lime  Vår Laveste pris,"kr 20,50",Frukt,"kr 51,25 per kg"
Frukt og grønt,"Vår laveste Pris Spania, 2 kg",Små Klementiner i Nett,"kr 49,90",Frukt,"kr 24,95 per kg"
Frukt og grønt,"Vår Laveste Pris, Spania/ Egypt, 500 g",Små Røde Druer,"kr 21,50",Frukt,"kr 43,00 per kg"
Frukt og grønt,"Norge, 250 g",Økologisk Squash,"kr 26,80",Grønnsaker,"kr 107,20 per kg"
Frukt og grønt,"Nederland, 1 stk",Aubergine,"kr 22,80",Grønnsaker,"kr 103,64 per kg"
Frukt og grønt,"Kurv, Polen, 250 g",Champignon,"kr 12,00",Grønnsaker,"kr 48,00 per kg"
Frukt og grønt,"Peru, 100 g",Aspargestopper,"kr 51,90",Grønnsaker,"kr 519,00 per kg"
Frukt og grønt,"Peru, 250 g",Asparges i Bunt,"kr 44,80",Grønnsaker,"kr 179,20 per kg"
Frukt og grønt,"Zimbabwe, 150 g",Sukkererter,"kr 18,60",Grønnsaker,"kr 124,00 per kg"
Frukt og grønt,"Kenya, 150 g",Aspargesbønner,"kr 34,40",Grønnsaker,"kr 229,33 per kg"
Frukt og grønt,"Peru, 500 g",Ingefær,"kr 46,40",Grønnsaker,"kr 92,80 per kg"
Frukt og grønt,"Kina/ Peru, 100 g",Ingefær,"kr 9,90",Grønnsaker,"kr 99,00 per kg"
Frukt og grønt,"Holland/Norge, 150 g","Rød mini Paprika, Ekstra Søte","kr 31,10",Grønnsaker,"kr 207,33 per kg"
Frukt og grønt,"Holland/Norge, 150 g","Orange mini Paprika, ekstra søte","kr 31,10",Grønnsaker,"kr 207,33 per kg"
Frukt og grønt,"Holland, 2 stk",Grønn Paprika,"kr 39,00",Grønnsaker,"kr 75,00 per kg"
Frukt og grønt,"Holland, 2 stk",Gul Paprika,"kr 38,90",Grønnsaker,"kr 74,81 per kg"
Frukt og grønt,"Spania/ Holland, 1 stk",Økologisk Rød Paprika,"kr 25,90",Grønnsaker,"kr 207,20 per kg"
Frukt og grønt,"Holland, 2 stk",Paprika Rød,"kr 31,10",Grønnsaker,"kr 62,20 per kg"
Frukt og grønt,"Holland, 400 g","Paprika Mix 3 pk Gul, Grønn & Rød","kr 51,90",Grønnsaker,"kr 129,75 per kg"
Frukt og grønt,"2 stk, Norge/Holland, 210 g",Spisspaprika Rød,"kr 24,90",Grønnsaker,"kr 118,57 per kg"
Frukt og grønt,"Holland, 500 g",Rød Paprika Skivet,"kr 62,30",Grønnsaker,"kr 124,60 per kg"
Frukt og grønt,"Holland, 50 g",Chilipepper Rød,"kr 17,80",Grønnsaker,"kr 356,00 per kg"
Frukt og grønt,"Holland, 50 g",Chilipepper Grønn,"kr 21,80",Grønnsaker,"kr 436,00 per kg"
Frukt og grønt,"Fra Sverige, 200 g",Traktkantareller,"kr 64,90",Grønnsaker,"kr 324,50 per kg"
Frukt og grønt,"Kenya, 50 g",Habanero Rød,"kr 24,80",Grønnsaker,"kr 496,00 per kg"
Frukt og grønt,"Spania, 50 g",Jalapeño Grønn,"kr 24,80",Grønnsaker,"kr 496,00 per kg"
Frukt og grønt,"Norge, 1 stk",Stangselleri,"kr 29,80",Grønnsaker,"kr 29,80 per stk"
Frukt og grønt,"Norge, 1 stk",Økologisk Stangselleri,"kr 34,80",Grønnsaker,"kr 34,80 per stk"
Frukt og grønt,"1 stk Norge, 500 g",Sellerirot,"kr 38,80",Grønnsaker,"kr 77,60 per kg"
Frukt og grønt,"Holland, 1 stk",Fennikel,"kr 12,90",Grønnsaker,"kr 37,94 per kg"
Frukt og grønt,"Thailand, 50 g",Sitrongress,"kr 23,80",Grønnsaker,"kr 476,00 per kg"
Frukt og grønt,"Norge, 1 stk",Kålrot,"kr 24,90",Grønnsaker,"kr 24,90 per kg"
Frukt og grønt,"Økologisk, Norge, 1 stk",Kålrot,"kr 32,90",Grønnsaker,"kr 34,63 per kg"
Frukt og grønt,"Sør Afrika, ca. 500 g",Økologisk Søtpotet,"kr 62,30",Grønnsaker,"kr 124,60 per kg"
Frukt og grønt,"Frankrike, 500 g",Jordskokk,"kr 42,90",Grønnsaker,"kr 85,80 per kg"
Frukt og grønt,"Ferske, Norge, 500 g",Rødbeter,"kr 31,70",Grønnsaker,"kr 63,40 per kg"
Frukt og grønt,"Ferske, Holland, 500 g",Gule Beter,"kr 34,00",Grønnsaker,"kr 68,00 per kg"
Frukt og grønt,"Ferske, Nederland, 500 g",Chioggiabeter,"kr 40,20",Grønnsaker,"kr 80,40 per kg"
Frukt og grønt,"Kokt, i pose, Frankrike, 250 g",Rødbeter,"kr 24,90",Grønnsaker,"kr 99,60 per kg"
Frukt og grønt,"Tyskland, 200 g",Pastinakk,"kr 17,70",Grønnsaker,"kr 88,50 per kg"
Frukt og grønt,"Portugal, 200 g",Persillerot,"kr 27,50",Grønnsaker,"kr 137,50 per kg"
Frukt og grønt,"Norge, 130 g",Reddik,"kr 25,90",Grønnsaker,"kr 199,23 per kg"
Frukt og grønt,"Vac.Pk, Thailand, 2 stk",Maiskolber,"kr 20,60",Grønnsaker,"kr 34,33 per kg"
Frukt og grønt,"Norge, 400 g",Fersk Rosenkål,"kr 32,80",Grønnsaker,"kr 82,00 per kg"
Frukt og grønt,"Ferske, Thailand, 125 g",Minimais,"kr 27,90",Grønnsaker,"kr 223,20 per kg"
Frukt og grønt,"Beter, Sellerirot & Pastinakk, Nederland, 1 kg",Rotmiks,"kr 56,00",Grønnsaker,"kr 56,00 per kg"
Frukt og grønt,"Norge, 1 kg",Råkostblanding,"kr 56,00",Grønnsaker,"kr 56,00 per kg"
Frukt og grønt,"Guatamala, 550 g",Gresskar Butternut,"kr 34,00",Grønnsaker,"kr 61,82 per kg"
Frukt og grønt,"Portugal /Norge, 1 stk",Gresskar Hokkaido,"kr 29,90",Grønnsaker,"kr 27,18 per kg"
Frukt og grønt,130 g,Artisjokkhjerter Tapas,"kr 30,00",Grønnsaker,"kr 230,77 per kg"
Frukt og grønt,"Laveste Pris, Holland, 3 stk","Paprika Rød, Små","kr 15,90",Grønnsaker,"kr 49,69 per kg"
Frukt og grønt,"Holland, 180 g",Ekstra Søte Honningtomater,"kr 79,90",Grønnsaker,"kr 443,89 per kg"
Frukt og grønt,90 g,Pepperrot,"kr 34,20",Grønnsaker,"kr 380,00 per kg"
Frukt og grønt,"Laveste Pris, Norge, 1 kg",Rødløk,"kr 19,60",Grønnsaker,"kr 19,60 per kg"
Frukt og grønt,"Vår Laveste Pris, Norge, 500 g",Tomater,"kr 20,00",Grønnsaker,"kr 40,00 per kg"
Frukt og grønt,"Norge, 1 kg",Gulrøtter 2. Sortering,"kr 9,90",Grønnsaker,"kr 9,90 per kg"
